Symbol,Date,Total_Revenue,Gross_Profit,Operating_Income,Net_Income,EPS,Cost_of_Revenue,R&D_Expenses,SG&A_Expenses,Tax_Provision,Operating_Expenses,Market_Price,Industry,Discount_Rate
MMM,2023-12-31,32681000000.0,14204000000.0,-9164000000.0,-6995000000.0,,,,,-2691000000.0,,,Industrials,10.0
MMM,2022-12-31,34229000000.0,14997000000.0,4086000000.0,5777000000.0,,,,,612000000.0,,,Industrials,10.0
MMM,2021-12-31,35355000000.0,16560000000.0,7369000000.0,5921000000.0,,,,,1285000000.0,,,Industrials,10.0
MMM,2020-12-31,32184000000.0,15579000000.0,6772000000.0,5449000000.0,,,,,1337000000.0,,,Industrials,10.0
AOS,2023-12-31,3852800000.0,1484800000.0,757400000.0,556600000.0,,,,,176900000.0,,,Industrials,10.0
AOS,2022-12-31,3753900000.0,1329600000.0,658700000.0,235700000.0,,,,,-12000000.0,,,Industrials,10.0
AOS,2021-12-31,3538900000.0,1310900000.0,609500000.0,487100000.0,,,,,138500000.0,,,Industrials,10.0
AOS,2020-12-31,2895300000.0,1108200000.0,447900000.0,344900000.0,,,,,99000000.0,,,Industrials,10.0
ABT,2023-12-31,40109000000.0,22134000000.0,6478000000.0,5723000000.0,,,,,941000000.0,,,Health Care,8.0
ABT,2022-12-31,43653000000.0,24511000000.0,8362000000.0,6933000000.0,,,,,1373000000.0,,,Health Care,8.0
ABT,2021-12-31,43075000000.0,24538000000.0,8425000000.0,7071000000.0,,,,,1140000000.0,,,Health Care,8.0
ABT,2020-12-31,34608000000.0,19605000000.0,5357000000.0,4495000000.0,,,,,497000000.0,,,Health Care,8.0
ABT,2019-12-31,,,,,,,,,,,,Health Care,8.0
ABBV,2023-12-31,54318000000.0,33903000000.0,12757000000.0,4863000000.0,,,,,1377000000.0,,,Health Care,8.0
ABBV,2022-12-31,58054000000.0,40640000000.0,18117000000.0,11836000000.0,,,,,1632000000.0,,,Health Care,8.0
ABBV,2021-12-31,56197000000.0,38751000000.0,17924000000.0,11542000000.0,,,,,1440000000.0,,,Health Care,8.0
ABBV,2020-12-31,45804000000.0,30417000000.0,11363000000.0,4616000000.0,,,,,-1224000000.0,,,Health Care,8.0
ABBV,2019-12-31,,,,,,,,,,,,Health Care,8.0
ACN,2024-08-31,64896464000.0,21162317000.0,9595847000.0,7264787000.0,,,,,2280126000.0,,,Information Technology,9.0
ACN,2023-08-31,64111745000.0,20731607000.0,8809889000.0,6871557000.0,,,,,2135802000.0,,,Information Technology,9.0
ACN,2022-08-31,61594305000.0,19701539000.0,9367181000.0,6877169000.0,,,,,2207207000.0,,,Information Technology,9.0
ACN,2021-08-31,50533389000.0,16364128000.0,7621529000.0,5906809000.0,,,,,1770571000.0,,,Information Technology,9.0
AYI,2024-08-31,3841000000.0,1781700000.0,553300000.0,422600000.0,,,,,126000000.0,,,Industrials,10.0
AYI,2023-08-31,3952200000.0,1713200000.0,500300000.0,346000000.0,,,,,100700000.0,,,Industrials,10.0
AYI,2022-08-31,4006100000.0,1672700000.0,509700000.0,384000000.0,,,,,109900000.0,,,Industrials,10.0
AYI,2021-08-31,3461000000.0,1475000000.0,430900000.0,306300000.0,,,,,89900000.0,,,Industrials,10.0
AYI,2020-08-31,,,,,,,,,,,,Industrials,10.0
ADBE,2023-11-30,19409000000.0,17055000000.0,6650000000.0,5428000000.0,,,,,1371000000.0,,,Information Technology,9.0
ADBE,2022-11-30,17606000000.0,15441000000.0,6098000000.0,4756000000.0,,,,,1252000000.0,,,Information Technology,9.0
ADBE,2021-11-30,15785000000.0,13920000000.0,5802000000.0,4822000000.0,,,,,883000000.0,,,Information Technology,9.0
ADBE,2020-11-30,12868000000.0,11146000000.0,4237000000.0,5260000000.0,,,,,-1084000000.0,,,Information Technology,9.0
AAP,2023-12-31,11287607000.0,4523502000.0,114377000.0,29735000.0,,,,,2112000.0,,,Consumer Discretionary,8.5
AAP,2022-12-31,11154722000.0,4932235000.0,670253000.0,464402000.0,,,,,139960000.0,,,Consumer Discretionary,8.5
AAP,2021-12-31,10997989000.0,4923950000.0,822365000.0,596615000.0,,,,,185878000.0,,,Consumer Discretionary,8.5
AAP,2020-12-31,10106321000.0,4481614000.0,749907000.0,493021000.0,,,,,157994000.0,,,Consumer Discretionary,8.5
AAP,2019-12-31,,,,,,,,,,,,Consumer Discretionary,8.5
AMD,2023-12-31,22680000000.0,10460000000.0,401000000.0,854000000.0,,,,,-346000000.0,,,Information Technology,9.0
AMD,2022-12-31,23601000000.0,10603000000.0,1264000000.0,1320000000.0,,,,,-122000000.0,,,Information Technology,9.0
AMD,2021-12-31,16434000000.0,7929000000.0,3648000000.0,3162000000.0,,,,,513000000.0,,,Information Technology,9.0
AMD,2020-12-31,9763000000.0,4347000000.0,1369000000.0,2490000000.0,,,,,-1210000000.0,,,Information Technology,9.0
AMD,2019-12-31,,,,,,,,,,,,Information Technology,9.0
AES,2023-12-31,12668000000.0,2504000000.0,2249000000.0,249000000.0,,,,,261000000.0,,,Utilities,10.0
AES,2022-12-31,12617000000.0,2548000000.0,2341000000.0,-546000000.0,,,,,265000000.0,,,Utilities,10.0
AES,2021-12-31,11141000000.0,2711000000.0,2545000000.0,-409000000.0,,,,,-133000000.0,,,Utilities,10.0
AES,2020-12-31,9660000000.0,2693000000.0,2528000000.0,46000000.0,,,,,216000000.0,,,Utilities,10.0
AES,2019-12-31,,,,,,,,,,,,Utilities,10.0
AMG,2023-12-31,2057800000.0,1150300000.0,730800000.0,672900000.0,,,,,185300000.0,,,Financials,11.0
AMG,2022-12-31,2329600000.0,1258100000.0,805200000.0,1145900000.0,,,,,358300000.0,,,Financials,11.0
AMG,2021-12-31,2412400000.0,1365300000.0,965900000.0,565700000.0,,,,,251000000.0,,,Financials,11.0
AMG,2020-12-31,2027500000.0,1143800000.0,662800000.0,202200000.0,,,,,81400000.0,,,Financials,11.0
AMG,2019-12-31,,,,,,,,,,,,Financials,11.0
AFL,2023-12-31,18841000000.0,,,4659000000.0,,,,,603000000.0,,,Financials,11.0
AFL,2022-12-31,19151000000.0,,,4418000000.0,,,,,451000000.0,,,Financials,11.0
AFL,2021-12-31,21546000000.0,,,4231000000.0,,,,,977000000.0,,,Financials,11.0
AFL,2020-12-31,22261000000.0,,,4778000000.0,,,,,-619000000.0,,,Financials,11.0
AFL,2019-12-31,,,,,,,,,,,,Financials,11.0
A,2024-10-31,6510000000.0,3535000000.0,1488000000.0,1289000000.0,,,,,232000000.0,,,Health Care,8.0
A,2023-10-31,6833000000.0,3465000000.0,1350000000.0,1240000000.0,,,,,99000000.0,,,Health Care,8.0
A,2022-10-31,6848000000.0,3722000000.0,1618000000.0,1254000000.0,,,,,250000000.0,,,Health Care,8.0
A,2021-10-31,6319000000.0,3407000000.0,1347000000.0,1210000000.0,,,,,150000000.0,,,Health Care,8.0
A,2020-10-31,,,,,,,,,,,,Health Care,8.0
APD,2024-09-30,12100600000.0,3931900000.0,2947500000.0,3828200000.0,,,,,944900000.0,,,Materials,9.0
APD,2023-09-30,12600000000.0,3767000000.0,2739200000.0,2300200000.0,,,,,551200000.0,,,Materials,9.0
APD,2022-09-30,12698600000.0,3360100000.0,2412500000.0,2256100000.0,,,,,500800000.0,,,Materials,9.0
APD,2021-09-30,10323000000.0,3136900000.0,2267800000.0,2099100000.0,,,,,462800000.0,,,Materials,9.0
APD,2020-09-30,,,,,,,,,,,,Materials,9.0
AKAM,2023-12-31,3811920000.0,2300857000.0,703418000.0,547629000.0,,,,,106373000.0,,,Information Technology,9.0
AKAM,2022-12-31,3616654000.0,2232835000.0,711040000.0,523672000.0,,,,,126696000.0,,,Information Technology,9.0
AKAM,2021-12-31,3461223000.0,2192267000.0,807202000.0,651642000.0,,,,,62571000.0,,,Information Technology,9.0
AKAM,2020-12-31,3198149000.0,2065477000.0,701674000.0,557054000.0,,,,,45922000.0,,,Information Technology,9.0
AKAM,2019-12-31,,,,,,,,,,,,Information Technology,9.0
ALK,2023-12-31,,,,,,,,,,,,Industrials,10.0
ALK,2022-12-31,9646000000.0,1662000000.0,650000000.0,58000000.0,,,,,21000000.0,,,Industrials,10.0
ALK,2021-12-31,6176000000.0,1354000000.0,674000000.0,478000000.0,,,,,151000000.0,,,Industrials,10.0
ALK,2020-12-31,3566000000.0,-414000000.0,-922000000.0,-1324000000.0,,,,,-516000000.0,,,Industrials,10.0
ALK,2019-12-31,8781000000.0,1979000000.0,1107000000.0,769000000.0,,,,,247000000.0,,,Industrials,10.0
ALB,2023-12-31,9617203000.0,1185909000.0,180691000.0,1573476000.0,,,,,430277000.0,,,Materials,9.0
ALB,2022-12-31,7320104000.0,3074587000.0,2478461000.0,2689816000.0,,,,,390588000.0,,,Materials,9.0
ALB,2021-12-31,3327957000.0,997971000.0,502463000.0,123672000.0,,,,,29446000.0,,,Materials,9.0
ALB,2020-12-31,3128909000.0,994853000.0,505812000.0,375764000.0,,,,,54425000.0,,,Materials,9.0
ALB,2019-12-31,,,,,,,,,,,,Materials,9.0
ARE,2023-12-31,2885699000.0,2026519000.0,733692000.0,103639000.0,,,,,,,,Real Estate,9.5
ARE,2022-12-31,2588962000.0,1805809000.0,626385000.0,521660000.0,,,,,,,,Real Estate,9.5
ARE,2021-12-31,2114150000.0,1490595000.0,518073000.0,571247000.0,,,,,,,,Real Estate,9.5
ARE,2020-12-31,1885637000.0,1355413000.0,523968000.0,770959000.0,,,,,,,,Real Estate,9.5
ARE,2019-12-31,,,,,,,,,,,,Real Estate,9.5
ALGN,2023-12-31,3862260000.0,2706863000.0,656654000.0,445053000.0,,,,,196151000.0,,,Health Care,8.0
ALGN,2022-12-31,3734635000.0,2633775000.0,654048000.0,361573000.0,,,,,237484000.0,,,Health Care,8.0
ALGN,2021-12-31,3952584000.0,2935355000.0,976400000.0,772020000.0,,,,,240403000.0,,,Health Care,8.0
ALGN,2020-12-31,2471941000.0,1763235000.0,387171000.0,1775888000.0,,,,,-1396939000.0,,,Health Care,8.0
ALGN,2019-12-31,,,,,,,,,,,,Health Care,8.0
ALLE,2023-12-31,3650800000.0,1581500000.0,715900000.0,540400000.0,,,,,76600000.0,,,Industrials,10.0
ALLE,2022-12-31,3271900000.0,1322400000.0,586400000.0,458000000.0,,,,,56200000.0,,,Industrials,10.0
ALLE,2021-12-31,2867400000.0,1204900000.0,530200000.0,483000000.0,,,,,40700000.0,,,Industrials,10.0
ALLE,2020-12-31,2719900000.0,1178800000.0,543100000.0,314300000.0,,,,,50900000.0,,,Industrials,10.0
ALLE,2019-12-31,,,,,,,,,,,,Industrials,10.0
LNT,2023-12-31,4027000000.0,1734000000.0,943000000.0,703000000.0,,,,,4000000.0,,,Utilities,10.0
LNT,2022-12-31,4205000000.0,1709000000.0,928000000.0,686000000.0,,,,,22000000.0,,,Utilities,10.0
LNT,2021-12-31,3669000000.0,1556000000.0,795000000.0,674000000.0,,,,,-74000000.0,,,Utilities,10.0
LNT,2020-12-31,3416000000.0,1463000000.0,740000000.0,624000000.0,,,,,-57000000.0,,,Utilities,10.0
LNT,2019-12-31,,,,,,,,,,,,Utilities,10.0
ALL,2023-12-31,57094000000.0,,,-188000000.0,,,,,-135000000.0,,,Financials,11.0
ALL,2022-12-31,51411000000.0,,,-1289000000.0,,,,,-488000000.0,,,Financials,11.0
ALL,2021-12-31,50601000000.0,,,1614000000.0,,,,,1292000000.0,,,Financials,11.0
ALL,2020-12-31,41909000000.0,,,5576000000.0,,,,,1373000000.0,,,Financials,11.0
ALL,2019-12-31,,,,,,,,,,,,Financials,11.0
GOOGL,2023-12-31,307394000000.0,174062000000.0,84293000000.0,73795000000.0,,,,,11922000000.0,,,Information Technology,9.0
GOOGL,2022-12-31,282836000000.0,156633000000.0,74842000000.0,59972000000.0,,,,,11356000000.0,,,Information Technology,9.0
GOOGL,2021-12-31,257637000000.0,146698000000.0,78714000000.0,76033000000.0,,,,,14701000000.0,,,Information Technology,9.0
GOOGL,2020-12-31,182527000000.0,97795000000.0,41224000000.0,40269000000.0,,,,,7813000000.0,,,Information Technology,9.0
GOOGL,2019-12-31,,,,,,,,,,,,Information Technology,9.0
GOOG,2023-12-31,307394000000.0,174062000000.0,84293000000.0,73795000000.0,,,,,11922000000.0,,,Information Technology,9.0
GOOG,2022-12-31,282836000000.0,156633000000.0,74842000000.0,59972000000.0,,,,,11356000000.0,,,Information Technology,9.0
GOOG,2021-12-31,257637000000.0,146698000000.0,78714000000.0,76033000000.0,,,,,14701000000.0,,,Information Technology,9.0
GOOG,2020-12-31,182527000000.0,97795000000.0,41224000000.0,40269000000.0,,,,,7813000000.0,,,Information Technology,9.0
GOOG,2019-12-31,,,,,,,,,,,,Information Technology,9.0
MO,2023-12-31,20502000000.0,14284000000.0,11547000000.0,8130000000.0,,,,,2798000000.0,,,Consumer Staples,9.0
MO,2022-12-31,20688000000.0,14246000000.0,11919000000.0,5764000000.0,,,,,1625000000.0,,,Consumer Staples,9.0
MO,2021-12-31,21111000000.0,13992000000.0,11560000000.0,2475000000.0,,,,,1349000000.0,,,Consumer Staples,9.0
MO,2020-12-31,20841000000.0,13023000000.0,10873000000.0,4467000000.0,,,,,2436000000.0,,,Consumer Staples,9.0
MO,2019-12-31,,,,,,,,,,,,Consumer Staples,9.0
AMZN,2023-12-31,574785000000.0,93805000000.0,36852000000.0,30425000000.0,,,,,7120000000.0,,,Consumer Discretionary,8.5
AMZN,2022-12-31,513983000000.0,67640000000.0,12248000000.0,-2722000000.0,,,,,-3217000000.0,,,Consumer Discretionary,8.5
AMZN,2021-12-31,469822000000.0,66315000000.0,24879000000.0,33364000000.0,,,,,4791000000.0,,,Consumer Discretionary,8.5
AMZN,2020-12-31,386064000000.0,51500000000.0,22899000000.0,21331000000.0,,,,,2863000000.0,,,Consumer Discretionary,8.5
AMZN,2019-12-31,,,,,,,,,,,,Consumer Discretionary,8.5
AEE,2023-12-31,7500000000.0,3467000000.0,1853000000.0,1152000000.0,,,,,183000000.0,,,Utilities,10.0
AEE,2022-12-31,7957000000.0,3343000000.0,1699000000.0,1074000000.0,,,,,176000000.0,,,Utilities,10.0
AEE,2021-12-31,6394000000.0,2991000000.0,1469000000.0,990000000.0,,,,,157000000.0,,,Utilities,10.0
AEE,2020-12-31,5794000000.0,2858000000.0,1300000000.0,871000000.0,,,,,155000000.0,,,Utilities,10.0
AEE,2019-12-31,,,,,,,,,,,,Utilities,10.0
AAL,2023-12-31,52788000000.0,11810000000.0,4005000000.0,822000000.0,,,,,299000000.0,,,Industrials,10.0
AAL,2022-12-31,48971000000.0,9037000000.0,1800000000.0,127000000.0,,,,,59000000.0,,,Industrials,10.0
AAL,2021-12-31,29882000000.0,27000000.0,-5065000000.0,-1993000000.0,,,,,-555000000.0,,,Industrials,10.0
AAL,2020-12-31,17337000000.0,-7226000000.0,-11078000000.0,-8885000000.0,,,,,-2568000000.0,,,Industrials,10.0
AAL,2019-12-31,,,,,,,,,,,,Industrials,10.0
AEP,2023-12-31,18982300000.0,11127700000.0,3734500000.0,2208100000.0,,,,,54600000.0,,,Utilities,10.0
AEP,2022-12-31,19639500000.0,11292200000.0,3778500000.0,2307200000.0,,,,,5400000.0,,,Utilities,10.0
AEP,2021-12-31,16792000000.0,10203900000.0,3422900000.0,2488100000.0,,,,,115500000.0,,,Utilities,10.0
AEP,2020-12-31,14918500000.0,9538400000.0,2987700000.0,2200100000.0,,,,,40500000.0,,,Utilities,10.0
AEP,2019-12-31,,,,,,,,,,,,Utilities,10.0
AXP,2023-12-31,60363000000.0,,,8374000000.0,,,,,2139000000.0,,,Financials,11.0
AXP,2022-12-31,52560000000.0,,,7514000000.0,,,,,2071000000.0,,,Financials,11.0
AXP,2021-12-31,43147000000.0,,,8060000000.0,,,,,2629000000.0,,,Financials,11.0
AXP,2020-12-31,36239000000.0,,,3135000000.0,,,,,1161000000.0,,,Financials,11.0
AXP,2019-12-31,,,,,,,,,,,,Financials,11.0
AIG,2023-12-31,47251000000.0,,,3643000000.0,,,,,-20000000.0,,,Financials,11.0
AIG,2022-12-31,54768000000.0,,,10227000000.0,,,,,3025000000.0,,,Financials,11.0
AIG,2021-12-31,51959000000.0,,,10367000000.0,,,,,2441000000.0,,,Financials,11.0
AIG,2020-12-31,43839000000.0,,,-5944000000.0,,,,,-1460000000.0,,,Financials,11.0
AIG,2019-12-31,,,,,,,,,,,,Financials,11.0
AMT,2023-12-31,11144200000.0,7883600000.0,3776500000.0,1483300000.0,,,,,154200000.0,,,Real Estate,9.5
AMT,2022-12-31,10711100000.0,7447300000.0,3036600000.0,1765800000.0,,,,,24000000.0,,,Real Estate,9.5
AMT,2021-12-31,9356900000.0,6674900000.0,3328400000.0,2567700000.0,,,,,261800000.0,,,Real Estate,9.5
AMT,2020-12-31,8041500000.0,5814300000.0,3127600000.0,1690600000.0,,,,,129600000.0,,,Real Estate,9.5
AMT,2019-12-31,,,,,,,,,,,,Real Estate,9.5
AWK,2023-12-31,4234000000.0,2514000000.0,1504000000.0,944000000.0,,,,,252000000.0,,,Utilities,10.0
AWK,2022-12-31,3792000000.0,2203000000.0,1273000000.0,820000000.0,,,,,188000000.0,,,Utilities,10.0
AWK,2021-12-31,3930000000.0,2153000000.0,1196000000.0,1263000000.0,,,,,377000000.0,,,Utilities,10.0
AWK,2020-12-31,3777000000.0,2155000000.0,1248000000.0,709000000.0,,,,,215000000.0,,,Utilities,10.0
AWK,2019-12-31,,,,,,,,,,,,Utilities,10.0
AMP,2023-12-31,15535000000.0,,,2556000000.0,,,,,678000000.0,,,Financials,11.0
AMP,2022-12-31,14258000000.0,,,3149000000.0,,,,,782000000.0,,,Financials,11.0
AMP,2021-12-31,13377000000.0,,,3417000000.0,,,,,768000000.0,,,Financials,11.0
AMP,2020-12-31,11899000000.0,,,1534000000.0,,,,,297000000.0,,,Financials,11.0
AMP,2019-12-31,,,,,,,,,,,,Financials,11.0
AME,2023-12-31,6596950000.0,2384465000.0,1707459000.0,1313188000.0,,,,,293224000.0,,,Industrials,10.0
AME,2022-12-31,6150530000.0,2145269000.0,1500692000.0,1159542000.0,,,,,269150000.0,,,Industrials,10.0
AME,2021-12-31,5546514000.0,1912614000.0,1308670000.0,990053000.0,,,,,233117000.0,,,Industrials,10.0
AME,2020-12-31,4540029000.0,1543514000.0,1027884000.0,872439000.0,,,,,209870000.0,,,Industrials,10.0
AMGN,2023-12-31,28190000000.0,19739000000.0,7897000000.0,6717000000.0,,,,,1138000000.0,,,Health Care,8.0
AMGN,2022-12-31,26323000000.0,19917000000.0,9566000000.0,6552000000.0,,,,,794000000.0,,,Health Care,8.0
AMGN,2021-12-31,25979000000.0,19525000000.0,9144000000.0,5893000000.0,,,,,808000000.0,,,Health Care,8.0
AMGN,2020-12-31,25424000000.0,19265000000.0,9139000000.0,7264000000.0,,,,,869000000.0,,,Health Care,8.0
AMGN,2019-12-31,,,,,,,,,,,,Health Care,8.0
APH,2023-12-31,12554700000.0,4084100000.0,2594200000.0,1928000000.0,,,,,509300000.0,,,Information Technology,9.0
APH,2022-12-31,12623000000.0,4028200000.0,2607300000.0,1902300000.0,,,,,550600000.0,,,Information Technology,9.0
APH,2021-12-31,10876300000.0,3401800000.0,2175500000.0,1590800000.0,,,,,409100000.0,,,Information Technology,9.0
APH,2020-12-31,8598900000.0,2664100000.0,1649900000.0,1203400000.0,,,,,313300000.0,,,Information Technology,9.0
APH,2019-12-31,,,,,,,,,,,,Information Technology,9.0
ADI,2024-10-31,9427157000.0,5381343000.0,2070056000.0,1635273000.0,,,,,142067000.0,,,Information Technology,9.0
ADI,2023-10-31,12305539000.0,7877218000.0,3983822000.0,3314579000.0,,,,,293424000.0,,,Information Technology,9.0
ADI,2022-10-31,12013953000.0,7532474000.0,3553209000.0,2748561000.0,,,,,350188000.0,,,Information Technology,9.0
ADI,2021-10-31,7318286000.0,4525012000.0,1776657000.0,1390422000.0,,,,,-61708000.0,,,Information Technology,9.0
ADI,2020-10-31,,,,,,,,,,,,Information Technology,9.0
ANSS,2023-12-31,2269949000.0,1998651000.0,626135000.0,500412000.0,,,,,91726000.0,,,Information Technology,9.0
ANSS,2022-12-31,2065553000.0,1814912000.0,592658000.0,523710000.0,,,,,51605000.0,,,Information Technology,9.0
ANSS,2021-12-31,1906715000.0,1648731000.0,513271000.0,454627000.0,,,,,60727000.0,,,Information Technology,9.0
ANSS,2020-12-31,1681297000.0,1456033000.0,496356000.0,433887000.0,,,,,60038000.0,,,Information Technology,9.0
AON,2023-12-31,13376000000.0,6474000000.0,3822000000.0,2564000000.0,,,,,541000000.0,,,Financials,11.0
AON,2022-12-31,12479000000.0,6002000000.0,3490000000.0,2589000000.0,,,,,510000000.0,,,Financials,11.0
AON,2021-12-31,12193000000.0,5455000000.0,2111000000.0,1255000000.0,,,,,623000000.0,,,Financials,11.0
AON,2020-12-31,11066000000.0,5161000000.0,2794000000.0,1969000000.0,,,,,448000000.0,,,Financials,11.0
AON,2019-12-31,,,,,,,,,,,,Financials,11.0
APA,2023-12-31,8279000000.0,4227000000.0,3358000000.0,2855000000.0,,,,,-324000000.0,,,Energy,12.0
APA,2022-12-31,11075000000.0,6255000000.0,5082000000.0,3604000000.0,,,,,1652000000.0,,,Energy,12.0
APA,2021-12-31,7985000000.0,3540000000.0,2692000000.0,1135000000.0,,,,,578000000.0,,,Energy,12.0
APA,2020-12-31,4435000000.0,905000000.0,173000000.0,-4784000000.0,,,,,64000000.0,,,Energy,12.0
APA,2019-12-31,,,,,,,,,,,,Energy,12.0
AIV,2023-12-31,186995000.0,113283000.0,11584000.0,-166196000.0,,,,,-12752000.0,,,Real Estate,9.5
AIV,2022-12-31,190344000.0,118552000.0,-80088000.0,75726000.0,,,,,17264000.0,,,Real Estate,9.5
AIV,2021-12-31,169836000.0,102223000.0,-15640000.0,-5910000.0,,,,,-13570000.0,,,Real Estate,9.5
AIV,2020-12-31,151451000.0,89937000.0,1503000.0,-5041000.0,,,,,-10149000.0,,,Real Estate,9.5
AIV,2019-12-31,,,,,,,,,,,,Real Estate,9.5
AAPL,2024-09-30,391035000000.0,180683000000.0,123216000000.0,93736000000.0,,,,,29749000000.0,,,Information Technology,9.0
AAPL,2023-09-30,383285000000.0,169148000000.0,114301000000.0,96995000000.0,,,,,16741000000.0,,,Information Technology,9.0
AAPL,2022-09-30,394328000000.0,170782000000.0,119437000000.0,99803000000.0,,,,,19300000000.0,,,Information Technology,9.0
AAPL,2021-09-30,365817000000.0,152836000000.0,108949000000.0,94680000000.0,,,,,14527000000.0,,,Information Technology,9.0
AAPL,2020-09-30,,,,,,,,,,,,Information Technology,9.0
AMAT,2024-10-31,27176000000.0,12897000000.0,7867000000.0,7177000000.0,,,,,975000000.0,,,Information Technology,9.0
AMAT,2023-10-31,26517000000.0,12384000000.0,7654000000.0,6856000000.0,,,,,860000000.0,,,Information Technology,9.0
AMAT,2022-10-31,25785000000.0,11993000000.0,7784000000.0,6525000000.0,,,,,1074000000.0,,,Information Technology,9.0
AMAT,2021-10-31,23063000000.0,10914000000.0,7200000000.0,5888000000.0,,,,,883000000.0,,,Information Technology,9.0
APTV,2023-12-31,20051000000.0,3439000000.0,1770000000.0,2938000000.0,,,,,-1928000000.0,,,Consumer Discretionary,8.5
APTV,2022-12-31,17489000000.0,2635000000.0,1348000000.0,594000000.0,,,,,121000000.0,,,Consumer Discretionary,8.5
APTV,2021-12-31,15618000000.0,2436000000.0,1213000000.0,590000000.0,,,,,101000000.0,,,Consumer Discretionary,8.5
APTV,2020-12-31,13066000000.0,1940000000.0,820000000.0,1804000000.0,,,,,49000000.0,,,Consumer Discretionary,8.5
APTV,2019-12-31,,,,,,,,,,,,Consumer Discretionary,8.5
ADM,2023-12-31,93935000000.0,7513000000.0,4057000000.0,3483000000.0,,,,,828000000.0,,,Consumer Staples,9.0
ADM,2022-12-31,101556000000.0,7570000000.0,4212000000.0,4340000000.0,,,,,868000000.0,,,Consumer Staples,9.0
ADM,2021-12-31,85249000000.0,5987000000.0,2993000000.0,2709000000.0,,,,,578000000.0,,,Consumer Staples,9.0
ADM,2020-12-31,64355000000.0,4453000000.0,1766000000.0,1772000000.0,,,,,101000000.0,,,Consumer Staples,9.0
ADM,2019-12-31,,,,,,,,,,,,Consumer Staples,9.0
AJG,2023-12-31,10071900000.0,4245300000.0,1859100000.0,969500000.0,,,,,219100000.0,,,Financials,11.0
AJG,2022-12-31,8550600000.0,3597400000.0,1666900000.0,1114200000.0,,,,,211000000.0,,,Financials,11.0
AJG,2021-12-31,8209400000.0,2975700000.0,1337000000.0,906800000.0,,,,,20100000.0,,,Financials,11.0
AJG,2020-12-31,7009400000.0,2509100000.0,1040200000.0,818800000.0,,,,,12800000.0,,,Financials,11.0
AJG,2019-12-31,,,,,,,,,,,,Financials,11.0
AIZ,2023-12-31,11131600000.0,,,642500000.0,,,,,164300000.0,,,Financials,11.0
AIZ,2022-12-31,10193000000.0,,,276600000.0,,,,,73300000.0,,,Financials,11.0
AIZ,2021-12-31,10187600000.0,,,1361800000.0,,,,,168400000.0,,,Financials,11.0
AIZ,2020-12-31,9610500000.0,,,440800000.0,,,,,58700000.0,,,Financials,11.0
AIZ,2019-12-31,,,,,,,,,,,,Financials,11.0
T,2023-12-31,122428000000.0,72305000000.0,24654000000.0,14400000000.0,,,,,4225000000.0,,,Telecommunication Services,9.5
T,2022-12-31,120741000000.0,69893000000.0,22911000000.0,-8524000000.0,,,,,3780000000.0,,,Telecommunication Services,9.5
T,2021-12-31,134038000000.0,73631000000.0,26110000000.0,20081000000.0,,,,,5395000000.0,,,Telecommunication Services,9.5
T,2020-12-31,171760000000.0,91840000000.0,25285000000.0,-5176000000.0,,,,,965000000.0,,,Telecommunication Services,9.5
T,2019-12-31,,,,,,,,,,,,Telecommunication Services,9.5
ADSK,2024-01-31,,,,,,,,,,,,Information Technology,9.0
ADSK,2023-01-31,5005000000.0,4525000000.0,989000000.0,823000000.0,,,,,123000000.0,,,Information Technology,9.0
ADSK,2022-01-31,4386000000.0,3968000000.0,618000000.0,497000000.0,,,,,68000000.0,,,Information Technology,9.0
ADSK,2021-01-31,3790000000.0,3453000000.0,629000000.0,1208000000.0,,,,,-661000000.0,,,Information Technology,9.0
ADSK,2020-01-31,3274300000.0,2949400000.0,343500000.0,214500000.0,,,,,80300000.0,,,Information Technology,9.0
ADP,2024-06-30,18177900000.0,7701200000.0,3956500000.0,3752000000.0,,,,,1120300000.0,,,Information Technology,9.0
ADP,2023-06-30,17198800000.0,7245400000.0,3744800000.0,3412000000.0,,,,,1025600000.0,,,Information Technology,9.0
ADP,2022-06-30,16046500000.0,6584600000.0,3413100000.0,2948900000.0,,,,,855200000.0,,,Information Technology,9.0
ADP,2021-06-30,14583000000.0,5942700000.0,2902200000.0,2598500000.0,,,,,762700000.0,,,Information Technology,9.0
ADP,2020-06-30,,,,,,,,,,,,Information Technology,9.0
AZO,2024-08-31,18490268000.0,9817052000.0,3788708000.0,2662427000.0,,,,,674703000.0,,,Consumer Discretionary,8.5
AZO,2023-08-31,17457209000.0,9070422000.0,3473986000.0,2528426000.0,,,,,639188000.0,,,Consumer Discretionary,8.5
AZO,2022-08-31,16252230000.0,8472650000.0,3270729000.0,2429604000.0,,,,,649487000.0,,,Consumer Discretionary,8.5
AZO,2021-08-31,14629585000.0,7717785000.0,2944527000.0,2170314000.0,,,,,578876000.0,,,Consumer Discretionary,8.5
AZO,2020-08-31,,,,,,,,,,,,Consumer Discretionary,8.5
AVB,2023-12-31,2767909000.0,1779777000.0,886278000.0,928825000.0,,,,,10153000.0,,,Real Estate,9.5
AVB,2022-12-31,2593446000.0,1674332000.0,785290000.0,1136775000.0,,,,,14646000.0,,,Real Estate,9.5
AVB,2021-12-31,2294850000.0,1440908000.0,612701000.0,1004299000.0,,,,,5733000.0,,,Real Estate,9.5
AVB,2020-12-31,2301261000.0,1478159000.0,710485000.0,827630000.0,,,,,-3247000.0,,,Real Estate,9.5
AVB,2019-12-31,,,,,,,,,,,,Real Estate,9.5
AVY,2023-12-31,8364300000.0,2277500000.0,963800000.0,503000000.0,,,,,191700000.0,,,Materials,9.0
AVY,2022-12-31,9039300000.0,2404200000.0,1073400000.0,757100000.0,,,,,242200000.0,,,Materials,9.0
AVY,2021-12-31,8408300000.0,2312800000.0,1064300000.0,740100000.0,,,,,248600000.0,,,Materials,9.0
AVY,2020-12-31,6971500000.0,1923300000.0,862800000.0,555900000.0,,,,,177700000.0,,,Materials,9.0
AVY,2019-12-31,,,,,,,,,,,,Materials,9.0
BAC,2023-12-31,98581000000.0,,,26515000000.0,,,,,1827000000.0,,,Financials,11.0
BAC,2022-12-31,94950000000.0,,,27528000000.0,,,,,3441000000.0,,,Financials,11.0
BAC,2021-12-31,89113000000.0,,,31978000000.0,,,,,1998000000.0,,,Financials,11.0
BAC,2020-12-31,85528000000.0,,,17894000000.0,,,,,1101000000.0,,,Financials,11.0
BAX,2023-12-31,14813000000.0,4975000000.0,370000000.0,2656000000.0,,,,,-34000000.0,,,Health Care,8.0
BAX,2022-12-31,14506000000.0,5066000000.0,605000000.0,-2433000000.0,,,,,4000000.0,,,Health Care,8.0
BAX,2021-12-31,12146000000.0,4720000000.0,1344000000.0,1284000000.0,,,,,83000000.0,,,Health Care,8.0
BAX,2020-12-31,11673000000.0,4587000000.0,1597000000.0,1102000000.0,,,,,182000000.0,,,Health Care,8.0
BAX,2019-12-31,,,,,,,,,,,,Health Care,8.0
BDX,2024-09-30,20178000000.0,9125000000.0,2856000000.0,1705000000.0,,,,,300000000.0,,,Health Care,8.0
BDX,2023-09-30,19372000000.0,8170000000.0,2424000000.0,1484000000.0,,,,,132000000.0,,,Health Care,8.0
BDX,2022-09-30,18870000000.0,8477000000.0,2475000000.0,1779000000.0,,,,,148000000.0,,,Health Care,8.0
BDX,2021-09-30,19131000000.0,8631000000.0,2430000000.0,2092000000.0,,,,,88000000.0,,,Health Care,8.0
BDX,2020-09-30,,,,,,,,,,,,Health Care,8.0
BRK-B,2023-12-31,439337000000.0,,,96223000000.0,,,,,23019000000.0,,,Financials,11.0
BRK-B,2022-12-31,234121000000.0,,,-22759000000.0,,,,,-8502000000.0,,,Financials,11.0
BRK-B,2021-12-31,354727000000.0,,,89937000000.0,,,,,20912000000.0,,,Financials,11.0
BRK-B,2020-12-31,286325000000.0,,,42521000000.0,,,,,12440000000.0,,,Financials,11.0
BRK-B,2019-12-31,,,,,,,,,,,,Financials,11.0
BBY,2024-01-31,43452000000.0,9603000000.0,1727000000.0,1241000000.0,,,,,381000000.0,,,Consumer Discretionary,8.5
BBY,2023-01-31,46298000000.0,9912000000.0,1942000000.0,1419000000.0,,,,,370000000.0,,,Consumer Discretionary,8.5
BBY,2022-01-31,51761000000.0,11640000000.0,3005000000.0,2454000000.0,,,,,574000000.0,,,Consumer Discretionary,8.5
BBY,2021-01-31,47262000000.0,10573000000.0,2645000000.0,1798000000.0,,,,,579000000.0,,,Consumer Discretionary,8.5
BBY,2020-01-31,,,,,,,,,,,,Consumer Discretionary,8.5
BIIB,2023-12-31,9835600000.0,7302200000.0,1831100000.0,1161100000.0,,,,,135300000.0,,,Health Care,8.0
BIIB,2022-12-31,10173400000.0,7895100000.0,2901900000.0,3046900000.0,,,,,632800000.0,,,Health Care,8.0
BIIB,2021-12-31,10981700000.0,8872000000.0,2808000000.0,1556100000.0,,,,,52500000.0,,,Health Care,8.0
BIIB,2020-12-31,13444600000.0,11639400000.0,4446300000.0,4000600000.0,,,,,992300000.0,,,Health Care,8.0
BIIB,2019-12-31,,,,,,,,,,,,Health Care,8.0
BLK,2023-12-31,17859000000.0,8347000000.0,6333000000.0,5502000000.0,,,,,1479000000.0,,,Financials,11.0
BLK,2022-12-31,17873000000.0,8427000000.0,6489000000.0,5178000000.0,,,,,1296000000.0,,,Financials,11.0
BLK,2021-12-31,19374000000.0,9456000000.0,7488000000.0,5901000000.0,,,,,1968000000.0,,,Financials,11.0
BLK,2020-12-31,16205000000.0,7983000000.0,6313000000.0,4932000000.0,,,,,1238000000.0,,,Financials,11.0
HRB,2024-06-30,3610347000.0,1618781000.0,805277000.0,595317000.0,,,,,164359000.0,,,Financials,11.0
HRB,2023-06-30,3472185000.0,1548733000.0,748698000.0,553700000.0,,,,,149412000.0,,,Financials,11.0
HRB,2022-06-30,3463270000.0,1582008000.0,744897000.0,553674000.0,,,,,98423000.0,,,Financials,11.0
HRB,2021-04-30,3413987000.0,1571895000.0,769627000.0,583791000.0,,,,,78524000.0,,,Financials,11.0
HRB,2020-04-30,,,,,,,,,,,,Financials,11.0
BA,2023-12-31,77794000000.0,7724000000.0,-821000000.0,-2222000000.0,,,,,237000000.0,,,Industrials,10.0
BA,2022-12-31,66608000000.0,3530000000.0,-3509000000.0,-4935000000.0,,,,,31000000.0,,,Industrials,10.0
BA,2021-12-31,62286000000.0,3049000000.0,-3357000000.0,-4202000000.0,,,,,-743000000.0,,,Industrials,10.0
BA,2020-12-31,58158000000.0,-5685000000.0,-12978000000.0,-11941000000.0,,,,,-2535000000.0,,,Industrials,10.0
BWA,2023-12-31,14198000000.0,2568000000.0,1248000000.0,625000000.0,,,,,289000000.0,,,Consumer Discretionary,8.5
BWA,2022-12-31,12635000000.0,2369000000.0,1083000000.0,944000000.0,,,,,195000000.0,,,Consumer Discretionary,8.5
BWA,2021-12-31,11803000000.0,2173000000.0,1106000000.0,537000000.0,,,,,65000000.0,,,Consumer Discretionary,8.5
BWA,2020-12-31,10165000000.0,1910000000.0,921000000.0,500000000.0,,,,,397000000.0,,,Consumer Discretionary,8.5
BWA,2019-12-31,,,,,,,,,,,,Consumer Discretionary,8.5
BXP,2023-12-31,3273569000.0,2057397000.0,1038655000.0,190215000.0,,,,,,,,Real Estate,9.5
BXP,2022-12-31,3108581000.0,1973033000.0,1061430000.0,848947000.0,,,,,,,,Real Estate,9.5
BXP,2021-12-31,2888621000.0,1854472000.0,973076000.0,505195000.0,,,,,,,,Real Estate,9.5
BXP,2020-12-31,2765686000.0,1735342000.0,906853000.0,872727000.0,,,,,,,,Real Estate,9.5
BXP,2019-12-31,,,,,,,,,,,,Real Estate,9.5
BSX,2023-12-31,14240000000.0,9895000000.0,2417000000.0,1593000000.0,,,,,393000000.0,,,Health Care,8.0
BSX,2022-12-31,12682000000.0,8726000000.0,2033000000.0,698000000.0,,,,,443000000.0,,,Health Care,8.0
BSX,2021-12-31,11888000000.0,8177000000.0,1824000000.0,1041000000.0,,,,,36000000.0,,,Health Care,8.0
BSX,2020-12-31,9913000000.0,6403000000.0,684000000.0,-82000000.0,,,,,2000000.0,,,Health Care,8.0
BHF,2023-12-31,3950000000.0,,,-1112000000.0,,,,,-367000000.0,,,Financials,11.0
BHF,2022-12-31,6630000000.0,,,3879000000.0,,,,,848000000.0,,,Financials,11.0
BHF,2021-12-31,3585000000.0,,,1643000000.0,,,,,361000000.0,,,Financials,11.0
BHF,2020-12-31,8266000000.0,,,-1061000000.0,,,,,-363000000.0,,,Financials,11.0
BMY,2023-12-31,45006000000.0,34313000000.0,8195000000.0,8025000000.0,,,,,400000000.0,,,Health Care,8.0
BMY,2022-12-31,46159000000.0,36022000000.0,9104000000.0,6327000000.0,,,,,1368000000.0,,,Health Care,8.0
BMY,2021-12-31,46385000000.0,36445000000.0,8537000000.0,6994000000.0,,,,,1084000000.0,,,Health Care,8.0
BMY,2020-12-31,42518000000.0,30745000000.0,2177000000.0,-9015000000.0,,,,,2124000000.0,,,Health Care,8.0
BMY,2019-12-31,,,,,,,,,,,,Health Care,8.0
AVGO,2024-10-31,51574000000.0,32509000000.0,14996000000.0,5895000000.0,,,,,3748000000.0,,,Information Technology,9.0
AVGO,2023-10-31,35819000000.0,24690000000.0,16451000000.0,14082000000.0,,,,,1015000000.0,,,Information Technology,9.0
AVGO,2022-10-31,33203000000.0,22095000000.0,14282000000.0,11495000000.0,,,,,939000000.0,,,Information Technology,9.0
AVGO,2021-10-31,27450000000.0,16844000000.0,8667000000.0,6736000000.0,,,,,29000000.0,,,Information Technology,9.0
AVGO,2020-10-31,,,,,,,,,,,,Information Technology,9.0
BF-B,2024-04-30,4178000000.0,2526000000.0,1147000000.0,1024000000.0,,,,,274000000.0,,,Consumer Staples,9.0
BF-B,2023-04-30,4228000000.0,2494000000.0,1127000000.0,783000000.0,,,,,234000000.0,,,Consumer Staples,9.0
BF-B,2022-04-30,3933000000.0,2391000000.0,1204000000.0,838000000.0,,,,,276000000.0,,,Consumer Staples,9.0
BF-B,2021-04-30,3461000000.0,2094000000.0,1039000000.0,903000000.0,,,,,178000000.0,,,Consumer Staples,9.0
CHRW,2023-12-31,17596443000.0,1138873000.0,514607000.0,325129000.0,,,,,84057000.0,,,Industrials,10.0
CHRW,2022-12-31,24696625000.0,1870197000.0,1266782000.0,940524000.0,,,,,226241000.0,,,Industrials,10.0
CHRW,2021-12-31,23102138000.0,1608479000.0,1082108000.0,844245000.0,,,,,178046000.0,,,Industrials,10.0
CHRW,2020-12-31,16207106000.0,1169390000.0,673268000.0,506421000.0,,,,,121910000.0,,,Industrials,10.0
CDNS,2023-12-31,4089986000.0,3654945000.0,1262238000.0,1041144000.0,,,,,240782000.0,,,Information Technology,9.0
CDNS,2022-12-31,3561718000.0,3190095000.0,1073741000.0,848952000.0,,,,,196411000.0,,,Information Technology,9.0
CDNS,2021-12-31,2988244000.0,2681238000.0,778041000.0,695955000.0,,,,,72480000.0,,,Information Technology,9.0
CDNS,2020-12-31,2682891000.0,2377393000.0,654767000.0,590644000.0,,,,,42104000.0,,,Information Technology,9.0
CPB,2024-07-31,9636000000.0,2971000000.0,1226000000.0,567000000.0,,,,,190000000.0,,,Consumer Staples,9.0
CPB,2023-07-31,9357000000.0,2917000000.0,1312000000.0,858000000.0,,,,,270000000.0,,,Consumer Staples,9.0
CPB,2022-07-31,8562000000.0,2627000000.0,1148000000.0,757000000.0,,,,,218000000.0,,,Consumer Staples,9.0
CPB,2021-07-31,8476000000.0,2811000000.0,1270000000.0,1002000000.0,,,,,328000000.0,,,Consumer Staples,9.0
CPB,2020-07-31,,,,,,,,,,,,Consumer Staples,9.0
COF,2023-12-31,36787000000.0,,,4887000000.0,,,,,1158000000.0,,,Financials,11.0
COF,2022-12-31,34250000000.0,,,7360000000.0,,,,,1880000000.0,,,Financials,11.0
COF,2021-12-31,30435000000.0,,,12390000000.0,,,,,3415000000.0,,,Financials,11.0
COF,2020-12-31,28523000000.0,,,2714000000.0,,,,,486000000.0,,,Financials,11.0
COF,2019-12-31,,,,,,,,,,,,Financials,11.0
CAH,2024-06-30,226827000000.0,7414000000.0,2130000000.0,852000000.0,,,,,348000000.0,,,Health Care,8.0
CAH,2023-06-30,204979000000.0,6874000000.0,1789000000.0,330000000.0,,,,,332000000.0,,,Health Care,8.0
CAH,2022-06-30,181326000000.0,6484000000.0,1648000000.0,-938000000.0,,,,,153000000.0,,,Health Care,8.0
CAH,2021-06-30,162467000000.0,6778000000.0,1794000000.0,611000000.0,,,,,-289000000.0,,,Health Care,8.0
CAH,2020-06-30,,,,,,,,,,,,Health Care,8.0
KMX,2024-02-29,26536040000.0,2713209000.0,-205719000.0,479204000.0,,,,,162391000.0,,,Consumer Discretionary,8.5
KMX,2023-02-28,29684873000.0,2800203000.0,-310946000.0,484762000.0,,,,,152042000.0,,,Consumer Discretionary,8.5
KMX,2022-02-28,31900412000.0,3287542000.0,551586000.0,1151297000.0,,,,,341049000.0,,,Consumer Discretionary,8.5
KMX,2021-02-28,18950149000.0,2379125000.0,272869000.0,746919000.0,,,,,218338000.0,,,Consumer Discretionary,8.5
CCL,2023-11-30,21593000000.0,7276000000.0,1956000000.0,-74000000.0,,,,,13000000.0,,,Consumer Discretionary,8.5
CCL,2022-11-30,12169000000.0,412000000.0,-4378000000.0,-6093000000.0,,,,,14000000.0,,,Consumer Discretionary,8.5
CCL,2021-11-30,1908000000.0,-2747000000.0,-6865000000.0,-9501000000.0,,,,,-21000000.0,,,Consumer Discretionary,8.5
CCL,2020-11-30,5594000000.0,-2651000000.0,-6770000000.0,-10236000000.0,,,,,-17000000.0,,,Consumer Discretionary,8.5
CAT,2023-12-31,67060000000.0,23263000000.0,12966000000.0,10335000000.0,,,,,2781000000.0,,,Industrials,10.0
CAT,2022-12-31,59427000000.0,17512000000.0,8829000000.0,6705000000.0,,,,,2067000000.0,,,Industrials,10.0
CAT,2021-12-31,50971000000.0,15003000000.0,6878000000.0,6489000000.0,,,,,1742000000.0,,,Industrials,10.0
CAT,2020-12-31,41748000000.0,12077000000.0,4553000000.0,2998000000.0,,,,,1006000000.0,,,Industrials,10.0
CAT,2019-12-31,,,,,,,,,,,,Industrials,10.0
CBOE,2023-12-31,3773500000.0,1492200000.0,1065300000.0,761400000.0,,,,,286200000.0,,,Financials,11.0
CBOE,2022-12-31,3958500000.0,1378700000.0,970400000.0,235000000.0,,,,,197900000.0,,,Financials,11.0
CBOE,2021-12-31,3494800000.0,1187600000.0,821500000.0,529000000.0,,,,,227100000.0,,,Financials,11.0
CBOE,2020-12-31,3427100000.0,1254300000.0,707400000.0,468200000.0,,,,,192200000.0,,,Financials,11.0
CBOE,2019-12-31,,,,,,,,,,,,Financials,11.0
CNC,2023-12-31,153999000000.0,17315000000.0,3459000000.0,2702000000.0,,,,,899000000.0,,,Health Care,8.0
CNC,2022-12-31,144547000000.0,16656000000.0,3636000000.0,1202000000.0,,,,,760000000.0,,,Health Care,8.0
CNC,2021-12-31,125982000000.0,14199000000.0,3263000000.0,1347000000.0,,,,,477000000.0,,,Health Care,8.0
CNC,2020-12-31,111115000000.0,15216000000.0,3154000000.0,1808000000.0,,,,,979000000.0,,,Health Care,8.0
CNC,2019-12-31,,,,,,,,,,,,Health Care,8.0
CNP,2023-12-31,8696000000.0,3686000000.0,1760000000.0,917000000.0,,,,,170000000.0,,,Utilities,10.0
CNP,2022-12-31,9321000000.0,3397000000.0,1566000000.0,1057000000.0,,,,,360000000.0,,,Utilities,10.0
CNP,2021-12-31,8352000000.0,3207000000.0,1363000000.0,1486000000.0,,,,,110000000.0,,,Utilities,10.0
CNP,2020-12-31,7418000000.0,2929000000.0,1224000000.0,-773000000.0,,,,,80000000.0,,,Utilities,10.0
CNP,2019-12-31,,,,,,,,,,,,Utilities,10.0
CF,2023-12-31,6631000000.0,2545000000.0,2252000000.0,1525000000.0,,,,,410000000.0,,,Materials,9.0
CF,2022-12-31,11186000000.0,5861000000.0,5571000000.0,3346000000.0,,,,,1158000000.0,,,Materials,9.0
CF,2021-12-31,6538000000.0,2387000000.0,2184000000.0,917000000.0,,,,,283000000.0,,,Materials,9.0
CF,2020-12-31,4124000000.0,801000000.0,598000000.0,317000000.0,,,,,31000000.0,,,Materials,9.0
CF,2019-12-31,,,,,,,,,,,,Materials,9.0
SCHW,2023-12-31,18837000000.0,,,5067000000.0,,,,,1311000000.0,,,Financials,11.0
SCHW,2022-12-31,20762000000.0,,,7183000000.0,,,,,2205000000.0,,,Financials,11.0
SCHW,2021-12-31,18520000000.0,,,5855000000.0,,,,,1858000000.0,,,Financials,11.0
SCHW,2020-12-31,11691000000.0,,,3299000000.0,,,,,1001000000.0,,,Financials,11.0
SCHW,2019-12-31,,,,,,,,,,,,Financials,11.0
CHTR,2023-12-31,54607000000.0,24855000000.0,12506000000.0,4557000000.0,,,,,1593000000.0,,,Consumer Discretionary,8.5
CHTR,2022-12-31,54022000000.0,24731000000.0,12243000000.0,5055000000.0,,,,,1613000000.0,,,Consumer Discretionary,8.5
CHTR,2021-12-31,51682000000.0,23456000000.0,10855000000.0,4654000000.0,,,,,1068000000.0,,,Consumer Discretionary,8.5
CHTR,2020-12-31,48097000000.0,21198000000.0,8463000000.0,3222000000.0,,,,,626000000.0,,,Consumer Discretionary,8.5
CHTR,2019-12-31,,,,,,,,,,,,Consumer Discretionary,8.5
CVX,2023-12-31,196913000000.0,60391000000.0,26229000000.0,21369000000.0,,,,,8173000000.0,,,Energy,12.0
CVX,2022-12-31,235717000000.0,73982000000.0,39950000000.0,35465000000.0,,,,,14066000000.0,,,Energy,12.0
CVX,2021-12-31,155606000000.0,45432000000.0,16180000000.0,15625000000.0,,,,,5950000000.0,,,Energy,12.0
CVX,2020-12-31,94471000000.0,22815000000.0,-6097000000.0,-5543000000.0,,,,,-1892000000.0,,,Energy,12.0
CMG,2023-12-31,9871649000.0,2586092000.0,1633114000.0,1228737000.0,,,,,391769000.0,,,Consumer Discretionary,8.5
CMG,2022-12-31,8634652000.0,2062119000.0,1211102000.0,899101000.0,,,,,282430000.0,,,Consumer Discretionary,8.5
CMG,2021-12-31,7547061000.0,1707009000.0,845498000.0,652984000.0,,,,,159779000.0,,,Consumer Discretionary,8.5
CMG,2020-12-31,5984634000.0,1041081000.0,336256000.0,355766000.0,,,,,-61985000.0,,,Consumer Discretionary,8.5
CMG,2019-12-31,,,,,,,,,,,,Consumer Discretionary,8.5
CB,2023-12-31,49826000000.0,,,9028000000.0,,,,,511000000.0,,,Financials,11.0
CB,2022-12-31,43055000000.0,,,5246000000.0,,,,,1239000000.0,,,Financials,11.0
CB,2021-12-31,40861000000.0,,,8525000000.0,,,,,1269000000.0,,,Financials,11.0
CB,2020-12-31,36052000000.0,,,3533000000.0,,,,,629000000.0,,,Financials,11.0
CHD,2023-12-31,5867900000.0,2588500000.0,1057400000.0,755600000.0,,,,,211800000.0,,,Consumer Staples,9.0
CHD,2022-12-31,5375600000.0,2250000000.0,597800000.0,413900000.0,,,,,109400000.0,,,Consumer Staples,9.0
CHD,2021-12-31,5190100000.0,2263500000.0,1079100000.0,827500000.0,,,,,204200000.0,,,Consumer Staples,9.0
CHD,2020-12-31,4895800000.0,2214200000.0,1029700000.0,785900000.0,,,,,187900000.0,,,Consumer Staples,9.0
CHD,2019-12-31,,,,,,,,,,,,Consumer Staples,9.0
CI,2023-12-31,195187000000.0,,,5164000000.0,,,,,141000000.0,,,Health Care,8.0
CI,2022-12-31,180031000000.0,,,6704000000.0,,,,,1615000000.0,,,Health Care,8.0
CI,2021-12-31,174267000000.0,,,5370000000.0,,,,,1370000000.0,,,Health Care,8.0
CI,2020-12-31,160550000000.0,,,8458000000.0,,,,,2379000000.0,,,Health Care,8.0
CINF,2023-12-31,10013000000.0,,,1843000000.0,,,,,433000000.0,,,Financials,11.0
CINF,2022-12-31,6563000000.0,,,-487000000.0,,,,,-207000000.0,,,Financials,11.0
CINF,2021-12-31,9626000000.0,,,2968000000.0,,,,,730000000.0,,,Financials,11.0
CINF,2020-12-31,7536000000.0,,,1216000000.0,,,,,283000000.0,,,Financials,11.0
CTAS,2024-05-31,9596615000.0,4686416000.0,2068633000.0,1571592000.0,,,,,402043000.0,,,Industrials,10.0
CTAS,2023-05-31,8815769000.0,4173368000.0,1802664000.0,1348010000.0,,,,,345138000.0,,,Industrials,10.0
CTAS,2022-05-31,7854459000.0,3632246000.0,1587370000.0,1235757000.0,,,,,263011000.0,,,Industrials,10.0
CTAS,2021-05-31,7116340000.0,3314651000.0,1385492000.0,1110968000.0,,,,,176781000.0,,,Industrials,10.0
CTAS,2020-05-31,,,,,,,,,,,,Industrials,10.0
CSCO,2024-07-31,53803000000.0,34828000000.0,12970000000.0,10320000000.0,,,,,1914000000.0,,,Information Technology,9.0
CSCO,2023-07-31,56998000000.0,35753000000.0,15562000000.0,12613000000.0,,,,,2705000000.0,,,Information Technology,9.0
CSCO,2022-07-31,51557000000.0,32248000000.0,13975000000.0,11812000000.0,,,,,2665000000.0,,,Information Technology,9.0
CSCO,2021-07-31,49818000000.0,31894000000.0,13719000000.0,10591000000.0,,,,,2671000000.0,,,Information Technology,9.0
C,2023-12-31,78486000000.0,,,9228000000.0,,,,,3528000000.0,,,Financials,11.0
C,2022-12-31,75305000000.0,,,14845000000.0,,,,,3642000000.0,,,Financials,11.0
C,2021-12-31,71887000000.0,,,21952000000.0,,,,,5451000000.0,,,Financials,11.0
C,2020-12-31,75494000000.0,,,11047000000.0,,,,,2525000000.0,,,Financials,11.0
C,2019-12-31,,,,,,,,,,,,Financials,11.0
CFG,2023-12-31,8224000000.0,,,1608000000.0,,,,,422000000.0,,,Financials,11.0
CFG,2022-12-31,8052000000.0,,,2073000000.0,,,,,582000000.0,,,Financials,11.0
CFG,2021-12-31,6647000000.0,,,2319000000.0,,,,,658000000.0,,,Financials,11.0
CFG,2020-12-31,6905000000.0,,,1057000000.0,,,,,241000000.0,,,Financials,11.0
CFG,2019-12-31,,,,,,,,,,,,Financials,11.0
CME,2023-12-31,5578900000.0,4750300000.0,3435700000.0,3226200000.0,,,,,927400000.0,,,Financials,11.0
CME,2022-12-31,5019400000.0,4266300000.0,3015900000.0,2691000000.0,,,,,799300000.0,,,Financials,11.0
CME,2021-12-31,4689700000.0,3852700000.0,2645200000.0,2636400000.0,,,,,736700000.0,,,Financials,11.0
CME,2020-12-31,4883600000.0,4027100000.0,2637400000.0,2105200000.0,,,,,615700000.0,,,Financials,11.0
CMS,2023-12-31,7462000000.0,2862000000.0,1235000000.0,887000000.0,,,,,147000000.0,,,Utilities,10.0
CMS,2022-12-31,8596000000.0,2762000000.0,1224000000.0,837000000.0,,,,,93000000.0,,,Utilities,10.0
CMS,2021-12-31,7329000000.0,2649000000.0,1146000000.0,1353000000.0,,,,,95000000.0,,,Utilities,10.0
CMS,2020-12-31,6418000000.0,2630000000.0,1230000000.0,755000000.0,,,,,115000000.0,,,Utilities,10.0
CMS,2019-12-31,,,,,,,,,,,,Utilities,10.0
KO,2023-12-31,45754000000.0,27234000000.0,13083000000.0,10714000000.0,,,,,2249000000.0,,,Consumer Staples,9.0
KO,2022-12-31,43004000000.0,25004000000.0,12042000000.0,9542000000.0,,,,,2115000000.0,,,Consumer Staples,9.0
KO,2021-12-31,38655000000.0,23298000000.0,11039000000.0,9771000000.0,,,,,2621000000.0,,,Consumer Staples,9.0
KO,2020-12-31,33014000000.0,19581000000.0,9725000000.0,7747000000.0,,,,,1981000000.0,,,Consumer Staples,9.0
KO,2019-12-31,,,,,,,,,,,,Consumer Staples,9.0
CTSH,2023-12-31,19353000000.0,6689000000.0,2918000000.0,2126000000.0,,,,,668000000.0,,,Information Technology,9.0
CTSH,2022-12-31,19428000000.0,6980000000.0,2968000000.0,2290000000.0,,,,,730000000.0,,,Information Technology,9.0
CTSH,2021-12-31,18507000000.0,6903000000.0,2826000000.0,2137000000.0,,,,,693000000.0,,,Information Technology,9.0
CTSH,2020-12-31,16652000000.0,5981000000.0,2329000000.0,1392000000.0,,,,,704000000.0,,,Information Technology,9.0
CTSH,2019-12-31,,,,,,,,,,,,Information Technology,9.0
CL,2023-12-31,19457000000.0,11326000000.0,4085000000.0,2300000000.0,,,,,937000000.0,,,Consumer Staples,9.0
CL,2022-12-31,17967000000.0,10248000000.0,3617000000.0,1785000000.0,,,,,693000000.0,,,Consumer Staples,9.0
CL,2021-12-31,17421000000.0,10375000000.0,3910000000.0,2166000000.0,,,,,749000000.0,,,Consumer Staples,9.0
CL,2020-12-31,16471000000.0,10017000000.0,3875000000.0,2695000000.0,,,,,787000000.0,,,Consumer Staples,9.0
CL,2019-12-31,,,,,,,,,,,,Consumer Staples,9.0
CMCSA,2023-12-31,121572000000.0,84810000000.0,23313000000.0,15388000000.0,,,,,5371000000.0,,,Consumer Discretionary,8.5
CMCSA,2022-12-31,121427000000.0,83214000000.0,22624000000.0,5370000000.0,,,,,4359000000.0,,,Consumer Discretionary,8.5
CMCSA,2021-12-31,116385000000.0,77935000000.0,20817000000.0,14159000000.0,,,,,5259000000.0,,,Consumer Discretionary,8.5
CMCSA,2020-12-31,103564000000.0,70443000000.0,17493000000.0,10534000000.0,,,,,3364000000.0,,,Consumer Discretionary,8.5
CMA,2023-12-31,3592000000.0,,,881000000.0,,,,,263000000.0,,,Financials,11.0
CMA,2022-12-31,3534000000.0,,,1151000000.0,,,,,325000000.0,,,Financials,11.0
CMA,2021-12-31,2967000000.0,,,1168000000.0,,,,,322000000.0,,,Financials,11.0
CMA,2020-12-31,2912000000.0,,,497000000.0,,,,,124000000.0,,,Financials,11.0
CMA,2019-12-31,,,,,,,,,,,,Financials,11.0
CAG,2024-05-31,12050900000.0,3333400000.0,852800000.0,347200000.0,,,,,262500000.0,,,Consumer Staples,9.0
CAG,2023-05-31,12277000000.0,3264800000.0,1075300000.0,683600000.0,,,,,218700000.0,,,Consumer Staples,9.0
CAG,2022-05-31,11535900000.0,2838800000.0,1346000000.0,888200000.0,,,,,290500000.0,,,Consumer Staples,9.0
CAG,2021-05-31,11184700000.0,3179200000.0,1776200000.0,1298800000.0,,,,,193800000.0,,,Consumer Staples,9.0
CAG,2020-05-31,,,,,,,,,,,,Consumer Staples,9.0
COP,2023-12-31,56141000000.0,18203000000.0,15026000000.0,10957000000.0,,,,,5331000000.0,,,Energy,12.0
COP,2022-12-31,78494000000.0,30013000000.0,25462000000.0,18680000000.0,,,,,9548000000.0,,,Energy,12.0
COP,2021-12-31,45828000000.0,14768000000.0,12071000000.0,8079000000.0,,,,,4633000000.0,,,Energy,12.0
COP,2020-12-31,18784000000.0,841000000.0,-1800000000.0,-2701000000.0,,,,,-485000000.0,,,Energy,12.0
COP,2019-12-31,,,,,,,,,,,,Energy,12.0
ED,2023-12-31,14663000000.0,7405000000.0,2331000000.0,2519000000.0,,,,,487000000.0,,,Utilities,10.0
ED,2022-12-31,15670000000.0,7685000000.0,2624000000.0,1660000000.0,,,,,498000000.0,,,Utilities,10.0
ED,2021-12-31,13676000000.0,7668000000.0,2826000000.0,1346000000.0,,,,,190000000.0,,,Utilities,10.0
ED,2020-12-31,12246000000.0,7149000000.0,2654000000.0,1101000000.0,,,,,90000000.0,,,Utilities,10.0
ED,2019-12-31,,,,,,,,,,,,Utilities,10.0
STZ,2024-02-29,9961800000.0,5017500000.0,3169700000.0,1727400000.0,,,,,456600000.0,,,Consumer Staples,9.0
STZ,2023-02-28,9452600000.0,4769000000.0,2842900000.0,-71000000.0,,,,,422100000.0,,,Consumer Staples,9.0
STZ,2022-02-28,8820700000.0,4707300000.0,2997600000.0,-40400000.0,,,,,309400000.0,,,Consumer Staples,9.0
STZ,2021-02-28,8614900000.0,4466000000.0,2791100000.0,1998000000.0,,,,,511100000.0,,,Consumer Staples,9.0
STZ,2020-02-29,,,,,,,,,,,,Consumer Staples,9.0
GLW,2023-12-31,12588000000.0,3931000000.0,890000000.0,581000000.0,,,,,168000000.0,,,Information Technology,9.0
GLW,2022-12-31,14189000000.0,4506000000.0,1438000000.0,1316000000.0,,,,,411000000.0,,,Information Technology,9.0
GLW,2021-12-31,14082000000.0,5063000000.0,2112000000.0,1906000000.0,,,,,491000000.0,,,Information Technology,9.0
GLW,2020-12-31,11303000000.0,3531000000.0,509000000.0,512000000.0,,,,,111000000.0,,,Information Technology,9.0
GLW,2019-12-31,,,,,,,,,,,,Information Technology,9.0
COST,2024-08-31,254453000000.0,32095000000.0,9285000000.0,7367000000.0,,,,,2373000000.0,,,Consumer Staples,9.0
COST,2023-08-31,242290000000.0,29704000000.0,8114000000.0,6292000000.0,,,,,2195000000.0,,,Consumer Staples,9.0
COST,2022-08-31,226954000000.0,27572000000.0,7793000000.0,5844000000.0,,,,,1925000000.0,,,Consumer Staples,9.0
COST,2021-08-31,195929000000.0,25245000000.0,6708000000.0,5007000000.0,,,,,1601000000.0,,,Consumer Staples,9.0
COST,2020-08-31,,,,,,,,,,,,Consumer Staples,9.0
COTY,2024-06-30,6118000000.0,3939200000.0,583400000.0,89400000.0,,,,,95100000.0,,,Consumer Staples,9.0
COTY,2023-06-30,5554100000.0,3547300000.0,537200000.0,508200000.0,,,,,181600000.0,,,Consumer Staples,9.0
COTY,2022-06-30,5304400000.0,3369200000.0,280500000.0,259500000.0,,,,,164800000.0,,,Consumer Staples,9.0
COTY,2021-06-30,4629900000.0,2768200000.0,153800000.0,-201300000.0,,,,,-172000000.0,,,Consumer Staples,9.0
COTY,2020-06-30,,,,,,,,,,,,Consumer Staples,9.0
CCI,2023-12-31,6981000000.0,5001000000.0,2488000000.0,1502000000.0,,,,,26000000.0,,,Real Estate,9.5
CCI,2022-12-31,6986000000.0,4918000000.0,2433000000.0,1675000000.0,,,,,16000000.0,,,Real Estate,9.5
CCI,2021-12-31,6340000000.0,4347000000.0,1878000000.0,1096000000.0,,,,,21000000.0,,,Real Estate,9.5
CCI,2020-12-31,5840000000.0,3871000000.0,1852000000.0,1056000000.0,,,,,20000000.0,,,Real Estate,9.5
CCI,2019-12-31,,,,,,,,,,,,Real Estate,9.5
CSX,2023-12-31,14657000000.0,5527000000.0,5556000000.0,3715000000.0,,,,,1176000000.0,,,Industrials,10.0
CSX,2022-12-31,14853000000.0,5785000000.0,5864000000.0,4166000000.0,,,,,1248000000.0,,,Industrials,10.0
CSX,2021-12-31,12522000000.0,5140000000.0,5204000000.0,3781000000.0,,,,,1170000000.0,,,Industrials,10.0
CSX,2020-12-31,10583000000.0,4327000000.0,4369000000.0,2765000000.0,,,,,862000000.0,,,Industrials,10.0
CSX,2019-12-31,,,,,,,,,,,,Industrials,10.0
CMI,2023-12-31,34065000000.0,8249000000.0,1412000000.0,735000000.0,,,,,786000000.0,,,Industrials,10.0
CMI,2022-12-31,28074000000.0,6719000000.0,2661000000.0,2151000000.0,,,,,636000000.0,,,Industrials,10.0
CMI,2021-12-31,24021000000.0,5695000000.0,2200000000.0,2131000000.0,,,,,587000000.0,,,Industrials,10.0
CMI,2020-12-31,19811000000.0,4894000000.0,1847000000.0,1789000000.0,,,,,527000000.0,,,Industrials,10.0
CMI,2019-12-31,,,,,,,,,,,,Industrials,10.0
CVS,2023-12-31,357776000000.0,54431000000.0,14599000000.0,8344000000.0,,,,,2805000000.0,,,Consumer Staples,9.0
CVS,2022-12-31,322467000000.0,54502000000.0,16290000000.0,4311000000.0,,,,,1509000000.0,,,Consumer Staples,9.0
CVS,2021-12-31,292111000000.0,52120000000.0,15099000000.0,8001000000.0,,,,,2548000000.0,,,Consumer Staples,9.0
CVS,2020-12-31,268706000000.0,49046000000.0,13911000000.0,7179000000.0,,,,,2569000000.0,,,Consumer Staples,9.0
CVS,2019-12-31,,,,,,,,,,,,Consumer Staples,9.0
DHI,2024-09-30,36801400000.0,9535400000.0,5935900000.0,4756400000.0,,,,,1478700000.0,,,Consumer Discretionary,8.5
DHI,2023-09-30,35460400000.0,9350400000.0,6101600000.0,4745700000.0,,,,,1519500000.0,,,Consumer Discretionary,8.5
DHI,2022-09-30,33480000000.0,10504100000.0,7570400000.0,5857500000.0,,,,,1734100000.0,,,Consumer Discretionary,8.5
DHI,2021-09-30,27774200000.0,7875000000.0,5318800000.0,4175800000.0,,,,,1165100000.0,,,Consumer Discretionary,8.5
DHI,2020-09-30,,,,,,,,,,,,Consumer Discretionary,8.5
DHR,2023-12-31,23890000000.0,14034000000.0,5279000000.0,4764000000.0,,,,,823000000.0,,,Health Care,8.0
DHR,2022-12-31,26643000000.0,16188000000.0,7536000000.0,7209000000.0,,,,,818000000.0,,,Health Care,8.0
DHR,2021-12-31,24802000000.0,15239000000.0,6387000000.0,6433000000.0,,,,,1064000000.0,,,Health Care,8.0
DHR,2020-12-31,22284000000.0,12475000000.0,4231000000.0,3646000000.0,,,,,849000000.0,,,Health Care,8.0
DHR,2019-12-31,,,,,,,,,,,,Health Care,8.0
DRI,2024-05-31,11390000000.0,2410200000.0,1326600000.0,1027600000.0,,,,,145000000.0,,,Consumer Discretionary,8.5
DRI,2023-05-31,10487800000.0,2083400000.0,1191200000.0,981900000.0,,,,,137000000.0,,,Consumer Discretionary,8.5
DRI,2022-05-31,9630000000.0,1995000000.0,1160200000.0,952800000.0,,,,,138800000.0,,,Consumer Discretionary,8.5
DRI,2021-05-31,7196100000.0,1493500000.0,655300000.0,629300000.0,,,,,-55900000.0,,,Consumer Discretionary,8.5
DRI,2020-05-31,,,,,,,,,,,,Consumer Discretionary,8.5
DVA,2023-12-31,12140147000.0,3820430000.0,1601003000.0,691535000.0,,,,,220116000.0,,,Health Care,8.0
DVA,2022-12-31,11609894000.0,3400341000.0,1312542000.0,560400000.0,,,,,198087000.0,,,Health Care,8.0
DVA,2021-12-31,11618797000.0,3646383000.0,1770433000.0,978450000.0,,,,,306732000.0,,,Health Care,8.0
DVA,2020-12-31,11550604000.0,3561991000.0,1683972000.0,773642000.0,,,,,313932000.0,,,Health Care,8.0
DVA,2019-12-31,,,,,,,,,,,,Health Care,8.0
DE,2024-10-31,50518000000.0,19495000000.0,11427000000.0,7100000000.0,,,,,2094000000.0,,,Industrials,10.0
DE,2023-10-31,60248000000.0,22306000000.0,14591000000.0,10166000000.0,,,,,2871000000.0,,,Industrials,10.0
DE,2022-10-31,51282000000.0,15730000000.0,9026000000.0,7131000000.0,,,,,2007000000.0,,,Industrials,10.0
DE,2021-10-31,43033000000.0,13715000000.0,7663000000.0,5963000000.0,,,,,1658000000.0,,,Industrials,10.0
DE,2020-10-31,,,,,,,,,,,,Industrials,10.0
DAL,2023-12-31,58048000000.0,14135000000.0,5277000000.0,4609000000.0,,,,,999000000.0,,,Industrials,10.0
DAL,2022-12-31,50582000000.0,10597000000.0,3953000000.0,1318000000.0,,,,,596000000.0,,,Industrials,10.0
DAL,2021-12-31,29899000000.0,2133000000.0,2337000000.0,280000000.0,,,,,118000000.0,,,Industrials,10.0
DAL,2020-12-31,17095000000.0,-4368000000.0,-4031000000.0,-12385000000.0,,,,,-3202000000.0,,,Industrials,10.0
DAL,2019-12-31,,,,,,,,,,,,Industrials,10.0
XRAY,2023-12-31,3965000000.0,2086000000.0,282000000.0,-132000000.0,,,,,-43000000.0,,,Health Care,8.0
XRAY,2022-12-31,3922000000.0,2127000000.0,357000000.0,-950000000.0,,,,,-105000000.0,,,Health Care,8.0
XRAY,2021-12-31,4231000000.0,2347000000.0,625000000.0,411000000.0,,,,,134000000.0,,,Health Care,8.0
XRAY,2020-12-31,3339000000.0,1656000000.0,231000000.0,-73000000.0,,,,,23000000.0,,,Health Care,8.0
XRAY,2019-12-31,,,,,,,,,,,,Health Care,8.0
DVN,2023-12-31,15258000000.0,5367000000.0,4910000000.0,3747000000.0,,,,,841000000.0,,,Energy,12.0
DVN,2022-12-31,19169000000.0,8369000000.0,7920000000.0,6015000000.0,,,,,1738000000.0,,,Energy,12.0
DVN,2021-12-31,12206000000.0,3679000000.0,3246000000.0,2813000000.0,,,,,65000000.0,,,Energy,12.0
DVN,2020-12-31,4828000000.0,392000000.0,-133000000.0,-2680000000.0,,,,,-547000000.0,,,Energy,12.0
DVN,2019-12-31,,,,,,,,,,,,Energy,12.0
DLR,2023-12-31,5477061000.0,2878990000.0,727546000.0,948838000.0,,,,,75579000.0,,,Real Estate,9.5
DLR,2022-12-31,4691834000.0,2674272000.0,661734000.0,377684000.0,,,,,31550000.0,,,Real Estate,9.5
DLR,2021-12-31,4427882000.0,2649562000.0,759726000.0,1709259000.0,,,,,72799000.0,,,Real Estate,9.5
DLR,2020-12-31,3903609000.0,2389493000.0,670670000.0,356398000.0,,,,,38047000.0,,,Real Estate,9.5
DLR,2019-12-31,,,,,,,,,,,,Real Estate,9.5
DFS,2023-12-31,15794000000.0,,,2796000000.0,,,,,841000000.0,,,Financials,11.0
DFS,2022-12-31,13216000000.0,,,4316000000.0,,,,,1325000000.0,,,Financials,11.0
DFS,2021-12-31,12007000000.0,,,5388000000.0,,,,,1596000000.0,,,Financials,11.0
DFS,2020-12-31,11088000000.0,,,1141000000.0,,,,,294000000.0,,,Financials,11.0
DFS,2019-12-31,,,,,,,,,,,,Financials,11.0
DG,2024-01-31,38691609000.0,11719024000.0,2446300000.0,1661274000.0,,,,,458245000.0,,,Consumer Discretionary,8.5
DG,2023-01-31,37844863000.0,11820098000.0,3328302000.0,2415989000.0,,,,,700625000.0,,,Consumer Discretionary,8.5
DG,2022-01-31,34220449000.0,10813006000.0,3220675000.0,2399232000.0,,,,,663917000.0,,,Consumer Discretionary,8.5
DG,2021-01-31,33746839000.0,10718862000.0,3554765000.0,2655050000.0,,,,,749330000.0,,,Consumer Discretionary,8.5
DLTR,2024-01-31,30603800000.0,9331800000.0,187200000.0,-998400000.0,,,,,9700000.0,,,Consumer Discretionary,8.5
DLTR,2023-01-31,28331700000.0,8935400000.0,2236300000.0,1615400000.0,,,,,495200000.0,,,Consumer Discretionary,8.5
DLTR,2022-01-31,26321200000.0,7737300000.0,1811400000.0,1327900000.0,,,,,304300000.0,,,Consumer Discretionary,8.5
DLTR,2021-01-31,25509300000.0,7788300000.0,1887900000.0,1341900000.0,,,,,397900000.0,,,Consumer Discretionary,8.5
DLTR,2020-01-31,,,,,,,,,,,,Consumer Discretionary,8.5
D,2023-12-31,14393000000.0,6958000000.0,3694000000.0,1994000000.0,,,,,575000000.0,,,Utilities,10.0
D,2022-12-31,13938000000.0,6377000000.0,3260000000.0,1321000000.0,,,,,113000000.0,,,Utilities,10.0
D,2021-12-31,11419000000.0,5412000000.0,2605000000.0,3399000000.0,,,,,-181000000.0,,,Utilities,10.0
D,2020-12-31,14172000000.0,7302000000.0,4099000000.0,-401000000.0,,,,,83000000.0,,,Utilities,10.0
D,2019-12-31,,,,,,,,,,,,Utilities,10.0
DOV,2023-12-31,8438134000.0,3084633000.0,1366343000.0,1056828000.0,,,,,213178000.0,,,Industrials,10.0
DOV,2022-12-31,8508088000.0,3063556000.0,1379330000.0,1065376000.0,,,,,222129000.0,,,Industrials,10.0
DOV,2021-12-31,7907081000.0,2969786000.0,1281508000.0,1123818000.0,,,,,277008000.0,,,Industrials,10.0
DOV,2020-12-31,6683760000.0,2474019000.0,932987000.0,683451000.0,,,,,158283000.0,,,Industrials,10.0
DOV,2019-12-31,,,,,,,,,,,,Industrials,10.0
DTE,2023-12-31,12745000000.0,4327000000.0,2292000000.0,1397000000.0,,,,,169000000.0,,,Utilities,10.0
DTE,2022-12-31,19228000000.0,3668000000.0,1773000000.0,1083000000.0,,,,,29000000.0,,,Utilities,10.0
DTE,2021-12-31,14964000000.0,3336000000.0,1538000000.0,907000000.0,,,,,-130000000.0,,,Utilities,10.0
DTE,2020-12-31,11423000000.0,3279000000.0,1567000000.0,1368000000.0,,,,,37000000.0,,,Utilities,10.0
DTE,2019-12-31,,,,,,,,,,,,Utilities,10.0
DUK,2023-12-31,29060000000.0,13756000000.0,7103000000.0,2841000000.0,,,,,438000000.0,,,Utilities,10.0
DUK,2022-12-31,28768000000.0,12976000000.0,6424000000.0,2550000000.0,,,,,300000000.0,,,Utilities,10.0
DUK,2021-12-31,24621000000.0,11958000000.0,5841000000.0,3908000000.0,,,,,268000000.0,,,Utilities,10.0
DUK,2020-12-31,23366000000.0,11353000000.0,5538000000.0,1377000000.0,,,,,-169000000.0,,,Utilities,10.0
DXC,2024-03-31,13667000000.0,3091000000.0,-2000000.0,91000000.0,,,,,23000000.0,,,Information Technology,9.0
DXC,2023-03-31,14430000000.0,3184000000.0,-1141000000.0,-568000000.0,,,,,-319000000.0,,,Information Technology,9.0
DXC,2022-03-31,16265000000.0,3582000000.0,1141000000.0,718000000.0,,,,,405000000.0,,,Information Technology,9.0
DXC,2021-03-31,17729000000.0,3643000000.0,-393000000.0,-149000000.0,,,,,800000000.0,,,Information Technology,9.0
DXC,2020-03-31,,,,,,,,,,,,Information Technology,9.0
EMN,2023-12-31,9210000000.0,2061000000.0,1054000000.0,894000000.0,,,,,191000000.0,,,Materials,9.0
EMN,2022-12-31,10580000000.0,2137000000.0,1248000000.0,793000000.0,,,,,181000000.0,,,Materials,9.0
EMN,2021-12-31,10476000000.0,2500000000.0,1863000000.0,857000000.0,,,,,215000000.0,,,Materials,9.0
EMN,2020-12-31,8473000000.0,1975000000.0,1095000000.0,478000000.0,,,,,41000000.0,,,Materials,9.0
EMN,2019-12-31,,,,,,,,,,,,Materials,9.0
ETN,2023-12-31,23196000000.0,8434000000.0,3885000000.0,3218000000.0,,,,,604000000.0,,,Industrials,10.0
ETN,2022-12-31,20752000000.0,6887000000.0,2995000000.0,2462000000.0,,,,,445000000.0,,,Industrials,10.0
ETN,2021-12-31,19628000000.0,6335000000.0,2463000000.0,2144000000.0,,,,,750000000.0,,,Industrials,10.0
ETN,2020-12-31,17858000000.0,5450000000.0,1824000000.0,1410000000.0,,,,,331000000.0,,,Industrials,10.0
ETN,2019-12-31,,,,,,,,,,,,Industrials,10.0
EBAY,2023-12-31,10112000000.0,7279000000.0,1941000000.0,2767000000.0,,,,,932000000.0,,,Information Technology,9.0
EBAY,2022-12-31,9795000000.0,7115000000.0,2350000000.0,-1269000000.0,,,,,-327000000.0,,,Information Technology,9.0
EBAY,2021-12-31,10420000000.0,7770000000.0,2923000000.0,13608000000.0,,,,,146000000.0,,,Information Technology,9.0
EBAY,2020-12-31,8894000000.0,7097000000.0,2636000000.0,5667000000.0,,,,,858000000.0,,,Information Technology,9.0
EBAY,2019-12-31,,,,,,,,,,,,Information Technology,9.0
ECL,2023-12-31,15320200000.0,6165300000.0,2103700000.0,1372300000.0,,,,,362500000.0,,,Materials,9.0
ECL,2022-12-31,14187800000.0,5356800000.0,1703000000.0,1091700000.0,,,,,234500000.0,,,Materials,9.0
ECL,2021-12-31,12733100000.0,5117300000.0,1701200000.0,1129900000.0,,,,,270200000.0,,,Materials,9.0
ECL,2020-12-31,11790200000.0,4884400000.0,1575300000.0,-1205100000.0,,,,,176600000.0,,,Materials,9.0
ECL,2019-12-31,,,,,,,,,,,,Materials,9.0
EIX,2023-12-31,16338000000.0,6714000000.0,2628000000.0,1407000000.0,,,,,108000000.0,,,Utilities,10.0
EIX,2022-12-31,17220000000.0,6121000000.0,1532000000.0,824000000.0,,,,,-162000000.0,,,Utilities,10.0
EIX,2021-12-31,14905000000.0,5720000000.0,1546000000.0,925000000.0,,,,,-136000000.0,,,Utilities,10.0
EIX,2020-12-31,13578000000.0,5037000000.0,968000000.0,871000000.0,,,,,-305000000.0,,,Utilities,10.0
EIX,2019-12-31,,,,,,,,,,,,Utilities,10.0
EW,2023-12-31,6004800000.0,4625000000.0,1728600000.0,1402400000.0,,,,,198700000.0,,,Health Care,8.0
EW,2022-12-31,5382400000.0,4302000000.0,1789200000.0,1521900000.0,,,,,245500000.0,,,Health Care,8.0
EW,2021-12-31,5232500000.0,3983600000.0,1586800000.0,1503100000.0,,,,,198900000.0,,,Health Care,8.0
EW,2020-12-31,4386300000.0,3305700000.0,1316600000.0,823400000.0,,,,,93300000.0,,,Health Care,8.0
EW,2019-12-31,,,,,,,,,,,,Health Care,8.0
EA,2024-03-31,7562000000.0,5852000000.0,1580000000.0,1273000000.0,,,,,316000000.0,,,Information Technology,9.0
EA,2023-03-31,7426000000.0,5634000000.0,1443000000.0,802000000.0,,,,,524000000.0,,,Information Technology,9.0
EA,2022-03-31,6991000000.0,5132000000.0,1129000000.0,789000000.0,,,,,292000000.0,,,Information Technology,9.0
EA,2021-03-31,5629000000.0,4135000000.0,1046000000.0,837000000.0,,,,,180000000.0,,,Information Technology,9.0
EA,2020-03-31,,,,,,,,,,,,Information Technology,9.0
EMR,2024-09-30,17492000000.0,8885000000.0,2666000000.0,1968000000.0,,,,,415000000.0,,,Industrials,10.0
EMR,2023-09-30,15165000000.0,7427000000.0,2759000000.0,13219000000.0,,,,,642000000.0,,,Industrials,10.0
EMR,2022-09-30,13804000000.0,6306000000.0,2356000000.0,3231000000.0,,,,,549000000.0,,,Industrials,10.0
EMR,2021-09-30,12932000000.0,5730000000.0,1959000000.0,2303000000.0,,,,,346000000.0,,,Industrials,10.0
ETR,2023-12-31,12147412000.0,5329436000.0,2660654000.0,2362310000.0,,,,,-690535000.0,,,Utilities,10.0
ETR,2022-12-31,13764237000.0,5275351000.0,1887311000.0,1097138000.0,,,,,-38978000.0,,,Utilities,10.0
ETR,2021-12-31,11742896000.0,4871866000.0,2109251000.0,1118719000.0,,,,,191374000.0,,,Utilities,10.0
ETR,2020-12-31,10113636000.0,4458214000.0,1795818000.0,1406653000.0,,,,,-121506000.0,,,Utilities,10.0
ETR,2019-12-31,,,,,,,,,,,,Utilities,10.0
EOG,2023-12-31,23182000000.0,17573000000.0,8892000000.0,7594000000.0,,,,,2095000000.0,,,Energy,12.0
EOG,2022-12-31,29492000000.0,23998000000.0,14256000000.0,7759000000.0,,,,,2142000000.0,,,Energy,12.0
EOG,2021-12-31,19669000000.0,14324000000.0,7613000000.0,4664000000.0,,,,,1269000000.0,,,Energy,12.0
EOG,2020-12-31,9874000000.0,4952000000.0,458000000.0,-605000000.0,,,,,-134000000.0,,,Energy,12.0
EQT,2023-12-31,5069982000.0,3083140000.0,658599000.0,1735232000.0,,,,,368954000.0,,,Energy,12.0
EQT,2022-12-31,12140621000.0,10173674000.0,7757469000.0,1770965000.0,,,,,553720000.0,,,Energy,12.0
EQT,2021-12-31,6839705000.0,4937724000.0,2762208000.0,-1142747000.0,,,,,-428037000.0,,,Energy,12.0
EQT,2020-12-31,2658629000.0,1083755000.0,-818582000.0,-958799000.0,,,,,-295293000.0,,,Energy,12.0
EQT,2019-12-31,,,,,,,,,,,,Energy,12.0
EFX,2023-12-31,5265200000.0,2930100000.0,933600000.0,545300000.0,,,,,166200000.0,,,Industrials,10.0
EFX,2022-12-31,5122200000.0,2945000000.0,1056000000.0,696200000.0,,,,,229500000.0,,,Industrials,10.0
EFX,2021-12-31,4923900000.0,2943000000.0,1138000000.0,744200000.0,,,,,200700000.0,,,Industrials,10.0
EFX,2020-12-31,4127500000.0,2390100000.0,676600000.0,520100000.0,,,,,159000000.0,,,Industrials,10.0
EQIX,2023-12-31,8188136000.0,3960478000.0,1450640000.0,969178000.0,,,,,155250000.0,,,Real Estate,9.5
EQIX,2022-12-31,7263105000.0,3511604000.0,1226343000.0,704345000.0,,,,,124792000.0,,,Real Estate,9.5
EQIX,2021-12-31,6635537000.0,3163115000.0,1120086000.0,500191000.0,,,,,109224000.0,,,Real Estate,9.5
EQIX,2020-12-31,5998545000.0,2924205000.0,1114868000.0,369777000.0,,,,,146151000.0,,,Real Estate,9.5
EQIX,2019-12-31,,,,,,,,,,,,Real Estate,9.5
EQR,2023-12-31,2873964000.0,1827471000.0,878046000.0,835438000.0,,,,,1148000.0,,,Real Estate,9.5
EQR,2022-12-31,2735180000.0,1752599000.0,811721000.0,776911000.0,,,,,900000.0,,,Real Estate,9.5
EQR,2021-12-31,2463997000.0,1515205000.0,620427000.0,1332850000.0,,,,,915000.0,,,Real Estate,9.5
EQR,2020-12-31,2571705000.0,1655320000.0,786183000.0,913636000.0,,,,,852000.0,,,Real Estate,9.5
EQR,2019-12-31,,,,,,,,,,,,Real Estate,9.5
ESS,2023-12-31,1669395000.0,1437716000.0,825107000.0,405825000.0,,,,,,,,Real Estate,9.5
ESS,2022-12-31,1606814000.0,1382192000.0,796532000.0,408315000.0,,,,,-10236000.0,,,Real Estate,9.5
ESS,2021-12-31,1440556000.0,1223978000.0,636406000.0,488554000.0,,,,,15668000.0,,,Real Estate,9.5
ESS,2020-12-31,1495748000.0,1284164000.0,693279000.0,568870000.0,,,,,1531000.0,,,Real Estate,9.5
ESS,2019-12-31,,,,,,,,,1457000.0,,,Real Estate,9.5
EL,2024-06-30,15608000000.0,11184000000.0,1563000000.0,390000000.0,,,,,363000000.0,,,Consumer Staples,9.0
EL,2023-06-30,15910000000.0,11346000000.0,1771000000.0,1006000000.0,,,,,387000000.0,,,Consumer Staples,9.0
EL,2022-06-30,17737000000.0,13432000000.0,3544000000.0,2390000000.0,,,,,628000000.0,,,Consumer Staples,9.0
EL,2021-06-30,16215000000.0,12381000000.0,3010000000.0,2870000000.0,,,,,456000000.0,,,Consumer Staples,9.0
ES,2023-12-31,11910705000.0,4846761000.0,2399335000.0,-442240000.0,,,,,159684000.0,,,Utilities,10.0
ES,2022-12-31,12289336000.0,5409934000.0,2198154000.0,1404875000.0,,,,,453574000.0,,,Utilities,10.0
ES,2021-12-31,9863085000.0,4751056000.0,1993321000.0,1220527000.0,,,,,344223000.0,,,Utilities,10.0
ES,2020-12-31,8904430000.0,4436338000.0,1988734000.0,1205167000.0,,,,,346186000.0,,,Utilities,10.0
ES,2019-12-31,,,,,,,,,,,,Utilities,10.0
EXC,2023-12-31,21727000000.0,8927000000.0,4013000000.0,2328000000.0,,,,,374000000.0,,,Utilities,10.0
EXC,2022-12-31,19078000000.0,8032000000.0,3317000000.0,2170000000.0,,,,,349000000.0,,,Utilities,10.0
EXC,2021-12-31,17938000000.0,7006000000.0,2682000000.0,1706000000.0,,,,,38000000.0,,,Utilities,10.0
EXC,2020-12-31,33039000000.0,9527000000.0,2799000000.0,1963000000.0,,,,,373000000.0,,,Utilities,10.0
EXC,2019-12-31,,,,,,,,,,,,Utilities,10.0
EXPE,2023-12-31,12839000000.0,11266000000.0,1467000000.0,797000000.0,,,,,330000000.0,,,Consumer Discretionary,8.5
EXPE,2022-12-31,11667000000.0,10010000000.0,1189000000.0,352000000.0,,,,,195000000.0,,,Consumer Discretionary,8.5
EXPE,2021-12-31,8598000000.0,7076000000.0,262000000.0,12000000.0,,,,,-53000000.0,,,Consumer Discretionary,8.5
EXPE,2020-12-31,5199000000.0,3550000000.0,-1527000000.0,-2612000000.0,,,,,-423000000.0,,,Consumer Discretionary,8.5
EXPE,2019-12-31,,,,,,,,,,,,Consumer Discretionary,8.5
EXPD,2023-12-31,9300110000.0,1245476000.0,939933000.0,752883000.0,,,,,263249000.0,,,Industrials,10.0
EXPD,2022-12-31,17071284000.0,2171130000.0,1824371000.0,1357399000.0,,,,,475286000.0,,,Industrials,10.0
EXPD,2021-12-31,16523517000.0,2165412000.0,1909326000.0,1415492000.0,,,,,505771000.0,,,Industrials,10.0
EXPD,2020-12-31,9584393000.0,1162765000.0,940437000.0,696140000.0,,,,,258350000.0,,,Industrials,10.0
EXR,2023-12-31,2560244000.0,1889334000.0,1236873000.0,803198000.0,,,,,21559000.0,,,Real Estate,9.5
EXR,2022-12-31,1924170000.0,1455268000.0,1037701000.0,860688000.0,,,,,20925000.0,,,Real Estate,9.5
EXR,2021-12-31,1577362000.0,1179266000.0,835193000.0,827649000.0,,,,,20324000.0,,,Real Estate,9.5
EXR,2020-12-31,1356212000.0,969103000.0,648065000.0,481779000.0,,,,,13810000.0,,,Real Estate,9.5
EXR,2019-12-31,,,,,,,,,,,,Real Estate,9.5
XOM,2023-12-31,334697000000.0,84142000000.0,44461000000.0,36010000000.0,,,,,15429000000.0,,,Energy,12.0
XOM,2022-12-31,398675000000.0,103067000000.0,64028000000.0,55740000000.0,,,,,20176000000.0,,,Energy,12.0
XOM,2021-12-31,276692000000.0,64886000000.0,24019000000.0,23040000000.0,,,,,7636000000.0,,,Energy,12.0
XOM,2020-12-31,178574000000.0,8127000000.0,-29448000000.0,-22440000000.0,,,,,-5632000000.0,,,Energy,12.0
FFIV,2024-09-30,2816120000.0,2258473000.0,667246000.0,566778000.0,,,,,128687000.0,,,Information Technology,9.0
FFIV,2023-09-30,2813169000.0,2219861000.0,537956000.0,394948000.0,,,,,91040000.0,,,Information Technology,9.0
FFIV,2022-09-30,2695845000.0,2156218000.0,411701000.0,322160000.0,,,,,63233000.0,,,Information Technology,9.0
FFIV,2021-09-30,2603416000.0,2110270000.0,394025000.0,331241000.0,,,,,55696000.0,,,Information Technology,9.0
FFIV,2020-09-30,,,,,,,,,,,,Information Technology,9.0
FAST,2023-12-31,7346700000.0,3354500000.0,1528700000.0,1155000000.0,,,,,367000000.0,,,Industrials,10.0
FAST,2022-12-31,6980600000.0,3215800000.0,1453600000.0,1086900000.0,,,,,353100000.0,,,Industrials,10.0
FAST,2021-12-31,6010900000.0,2777200000.0,1217400000.0,925000000.0,,,,,282800000.0,,,Industrials,10.0
FAST,2020-12-31,5647300000.0,2567800000.0,1141800000.0,859100000.0,,,,,273600000.0,,,Industrials,10.0
FAST,2019-12-31,,,,,,,,,,,,Industrials,10.0
FRT,2023-12-31,1132154000.0,769059000.0,396589000.0,236985000.0,,,,,,,,Real Estate,9.5
FRT,2022-12-31,1074378000.0,717596000.0,362551000.0,385491000.0,,,,,,,,Real Estate,9.5
FRT,2021-12-31,951224000.0,634607000.0,304775000.0,261498000.0,,,,,,,,Real Estate,9.5
FRT,2020-12-31,835494000.0,545332000.0,248625000.0,131706000.0,,,,,,,,Real Estate,9.5
FRT,2019-12-31,,,,,,,,,,,,Real Estate,9.5
FDX,2024-05-31,87693000000.0,18952000000.0,6298000000.0,4331000000.0,,,,,1505000000.0,,,Industrials,10.0
FDX,2023-05-31,90155000000.0,19166000000.0,5338000000.0,3972000000.0,,,,,1391000000.0,,,Industrials,10.0
FDX,2022-05-31,93512000000.0,20167000000.0,6523000000.0,3826000000.0,,,,,1070000000.0,,,Industrials,10.0
FDX,2021-05-31,83959000000.0,17954000000.0,5973000000.0,5231000000.0,,,,,1443000000.0,,,Industrials,10.0
FIS,2023-12-31,9821000000.0,3676000000.0,1580000000.0,-6654000000.0,,,,,157000000.0,,,Information Technology,9.0
FIS,2022-12-31,9719000000.0,3503000000.0,1321000000.0,-16720000000.0,,,,,325000000.0,,,Information Technology,9.0
FIS,2021-12-31,9339000000.0,3349000000.0,1234000000.0,417000000.0,,,,,403000000.0,,,Information Technology,9.0
FIS,2020-12-31,12552000000.0,4204000000.0,688000000.0,158000000.0,,,,,96000000.0,,,Information Technology,9.0
FITB,2023-12-31,8410000000.0,,,2349000000.0,,,,,639000000.0,,,Financials,11.0
FITB,2022-12-31,8059000000.0,,,2446000000.0,,,,,647000000.0,,,Financials,11.0
FITB,2021-12-31,7506000000.0,,,2770000000.0,,,,,747000000.0,,,Financials,11.0
FITB,2020-12-31,7243000000.0,,,1427000000.0,,,,,370000000.0,,,Financials,11.0
FITB,2019-12-31,,,,,,,,,,,,Financials,11.0
FE,2023-12-31,12870000000.0,8224000000.0,2266000000.0,1102000000.0,,,,,267000000.0,,,Utilities,10.0
FE,2022-12-31,12459000000.0,7866000000.0,1910000000.0,406000000.0,,,,,1000000000.0,,,Utilities,10.0
FE,2021-12-31,11132000000.0,7687000000.0,1847000000.0,1283000000.0,,,,,320000000.0,,,Utilities,10.0
FE,2020-12-31,10790000000.0,7720000000.0,2162000000.0,1079000000.0,,,,,126000000.0,,,Utilities,10.0
FE,2019-12-31,,,,,,,,,,,,Utilities,10.0
FLS,2023-12-31,4320577000.0,1276828000.0,315659000.0,186743000.0,,,,,18562000.0,,,Industrials,10.0
FLS,2022-12-31,3615120000.0,994295000.0,178750000.0,188689000.0,,,,,-43639000.0,,,Industrials,10.0
FLS,2021-12-31,3541060000.0,1049725000.0,252649000.0,125949000.0,,,,,-2594000.0,,,Industrials,10.0
FLS,2020-12-31,3728134000.0,1116769000.0,238524000.0,130420000.0,,,,,61417000.0,,,Industrials,10.0
FLR,2023-12-31,15474000000.0,477000000.0,253000000.0,139000000.0,,,,,236000000.0,,,Industrials,10.0
FLR,2022-12-31,13744000000.0,355000000.0,155000000.0,145000000.0,,,,,171000000.0,,,Industrials,10.0
FLR,2021-12-31,14156000000.0,454000000.0,25000000.0,-440000000.0,,,,,20000000.0,,,Industrials,10.0
FLR,2020-12-31,14157929000.0,399526000.0,198410000.0,-435046000.0,,,,,15856000.0,,,Industrials,10.0
FLR,2019-12-31,,,,,,,,,,,,Industrials,10.0
FMC,2023-12-31,4486800000.0,1831000000.0,749700000.0,1321500000.0,,,,,-1119300000.0,,,Materials,9.0
FMC,2022-12-31,5802300000.0,2326800000.0,1228800000.0,736500000.0,,,,,145200000.0,,,Materials,9.0
FMC,2021-12-31,5045200000.0,2161300000.0,1136900000.0,739600000.0,,,,,92500000.0,,,Materials,9.0
FMC,2020-12-31,4642100000.0,2046700000.0,1029100000.0,552400000.0,,,,,151200000.0,,,Materials,9.0
FMC,2019-12-31,,,,,,,,,,,,Materials,9.0
FL,2024-01-31,8168000000.0,2273000000.0,222000000.0,-330000000.0,,,,,-93000000.0,,,Consumer Discretionary,8.5
FL,2023-01-31,8759000000.0,2804000000.0,693000000.0,342000000.0,,,,,180000000.0,,,Consumer Discretionary,8.5
FL,2022-01-31,8968000000.0,3090000000.0,1042000000.0,893000000.0,,,,,348000000.0,,,Consumer Discretionary,8.5
FL,2021-01-31,7554000000.0,2189000000.0,426000000.0,323000000.0,,,,,171000000.0,,,Consumer Discretionary,8.5
FL,2020-01-31,,,,,,,,,,,,Consumer Discretionary,8.5
F,2023-12-31,176191000000.0,16160000000.0,5458000000.0,4347000000.0,,,,,-362000000.0,,,Consumer Discretionary,8.5
F,2022-12-31,158057000000.0,17164000000.0,6276000000.0,-1981000000.0,,,,,-864000000.0,,,Consumer Discretionary,8.5
F,2021-12-31,136341000000.0,16438000000.0,4523000000.0,17937000000.0,,,,,-130000000.0,,,Consumer Discretionary,8.5
F,2020-12-31,127144000000.0,5785000000.0,-4408000000.0,-1279000000.0,,,,,160000000.0,,,Consumer Discretionary,8.5
F,2019-12-31,,,,,,,,,,,,Consumer Discretionary,8.5
FTV,2023-12-31,6065300000.0,3594100000.0,1133700000.0,865800000.0,,,,,125000000.0,,,Industrials,10.0
FTV,2022-12-31,5825700000.0,3363400000.0,1005300000.0,755200000.0,,,,,118300000.0,,,Industrials,10.0
FTV,2021-12-31,5254700000.0,3007100000.0,812800000.0,608400000.0,,,,,63300000.0,,,Industrials,10.0
FTV,2020-12-31,4634400000.0,2608500000.0,539400000.0,1613300000.0,,,,,55500000.0,,,Industrials,10.0
FTV,2019-12-31,,,,,,,,,,,,Industrials,10.0
BEN,2024-09-30,8478000000.0,6791400000.0,1157900000.0,464800000.0,,,,,215300000.0,,,Financials,11.0
BEN,2023-09-30,7849400000.0,6349900000.0,1436900000.0,882800000.0,,,,,312300000.0,,,Financials,11.0
BEN,2022-09-30,8275300000.0,6848900000.0,1945300000.0,1291900000.0,,,,,396200000.0,,,Financials,11.0
BEN,2021-09-30,8425500000.0,6996900000.0,2064000000.0,1831200000.0,,,,,349600000.0,,,Financials,11.0
BEN,2020-09-30,,,,,,,,,,,,Financials,11.0
FCX,2023-12-31,22855000000.0,7160000000.0,6225000000.0,1848000000.0,,,,,2270000000.0,,,Materials,9.0
FCX,2022-12-31,22780000000.0,7691000000.0,7035000000.0,3468000000.0,,,,,2267000000.0,,,Materials,9.0
FCX,2021-12-31,22845000000.0,8815000000.0,8286000000.0,4306000000.0,,,,,2299000000.0,,,Materials,9.0
FCX,2020-12-31,14198000000.0,2543000000.0,1964000000.0,599000000.0,,,,,944000000.0,,,Materials,9.0
FCX,2019-12-31,,,,,,,,,,,,Materials,9.0
GRMN,2023-12-31,5228252000.0,3004955000.0,1092160000.0,1289636000.0,,,,,-89280000.0,,,Consumer Discretionary,8.5
GRMN,2022-12-31,4860286000.0,2806775000.0,1027845000.0,973585000.0,,,,,91389000.0,,,Consumer Discretionary,8.5
GRMN,2021-12-31,4982795000.0,2890459000.0,1218620000.0,1082200000.0,,,,,124596000.0,,,Consumer Discretionary,8.5
GRMN,2020-12-31,4186573000.0,2481336000.0,1054240000.0,992324000.0,,,,,111086000.0,,,Consumer Discretionary,8.5
IT,2023-12-31,5906956000.0,4003716000.0,1111071000.0,882466000.0,,,,,264663000.0,,,Information Technology,9.0
IT,2022-12-31,5475846000.0,3782075000.0,1109185000.0,807799000.0,,,,,219396000.0,,,Information Technology,9.0
IT,2021-12-31,4733962000.0,3289869000.0,921806000.0,793560000.0,,,,,176310000.0,,,Information Technology,9.0
IT,2020-12-31,4099403000.0,2754379000.0,496432000.0,266745000.0,,,,,59388000.0,,,Information Technology,9.0
GD,2023-12-31,42272000000.0,6672000000.0,4245000000.0,3315000000.0,,,,,669000000.0,,,Industrials,10.0
GD,2022-12-31,39407000000.0,6622000000.0,4211000000.0,3390000000.0,,,,,646000000.0,,,Industrials,10.0
GD,2021-12-31,38469000000.0,6408000000.0,4163000000.0,3257000000.0,,,,,616000000.0,,,Industrials,10.0
GD,2020-12-31,37925000000.0,6325000000.0,4133000000.0,3167000000.0,,,,,571000000.0,,,Industrials,10.0
GD,2019-12-31,,,,,,,,,,,,Industrials,10.0
GE,2023-12-31,67954000000.0,17562000000.0,3574000000.0,9481000000.0,,,,,1162000000.0,,,Industrials,10.0
GE,2022-12-31,58099000000.0,13827000000.0,276000000.0,339000000.0,,,,,-3000000.0,,,Industrials,10.0
GE,2021-12-31,56469000000.0,13091000000.0,1058000000.0,-6337000000.0,,,,,-757000000.0,,,Industrials,10.0
GE,2020-12-31,75834000000.0,17963000000.0,409000000.0,5704000000.0,,,,,-487000000.0,,,Industrials,10.0
GE,2019-12-31,,,,,,,,,,,,Industrials,10.0
GIS,2024-05-31,19857200000.0,6932100000.0,3673100000.0,2496600000.0,,,,,594500000.0,,,Consumer Staples,9.0
GIS,2023-05-31,20094200000.0,6545800000.0,3045400000.0,2593900000.0,,,,,612200000.0,,,Consumer Staples,9.0
GIS,2022-05-31,18992800000.0,6402200000.0,3255200000.0,2707300000.0,,,,,586300000.0,,,Consumer Staples,9.0
GIS,2021-05-31,18127000000.0,6448300000.0,3368700000.0,2339800000.0,,,,,629100000.0,,,Consumer Staples,9.0
GM,2023-12-31,171842000000.0,19138000000.0,9298000000.0,10127000000.0,,,,,563000000.0,,,Consumer Discretionary,8.5
GM,2022-12-31,156735000000.0,20981000000.0,10314000000.0,9934000000.0,,,,,1888000000.0,,,Consumer Discretionary,8.5
GM,2021-12-31,127004000000.0,17878000000.0,9324000000.0,10019000000.0,,,,,2771000000.0,,,Consumer Discretionary,8.5
GM,2020-12-31,122485000000.0,13672000000.0,6634000000.0,6427000000.0,,,,,1774000000.0,,,Consumer Discretionary,8.5
GM,2019-12-31,,,,,,,,,,,,Consumer Discretionary,8.5
GPC,2023-12-31,23090610000.0,8290672000.0,1747053000.0,1316524000.0,,,,,425824000.0,,,Consumer Discretionary,8.5
GPC,2022-12-31,22095973000.0,7740104000.0,1614199000.0,1182701000.0,,,,,389901000.0,,,Consumer Discretionary,8.5
GPC,2021-12-31,18870510000.0,6634136000.0,1162920000.0,898790000.0,,,,,301556000.0,,,Consumer Discretionary,8.5
GPC,2020-12-31,16537433000.0,5654841000.0,971683000.0,-29102000.0,,,,,215973000.0,,,Consumer Discretionary,8.5
GPC,2019-12-31,,,,,,,,,,,,Consumer Discretionary,8.5
GILD,2023-12-31,27116000000.0,20618000000.0,8810000000.0,5665000000.0,,,,,1247000000.0,,,Health Care,8.0
GILD,2022-12-31,27281000000.0,21624000000.0,10974000000.0,4592000000.0,,,,,1248000000.0,,,Health Care,8.0
GILD,2021-12-31,27305000000.0,20704000000.0,10857000000.0,6225000000.0,,,,,2077000000.0,,,Health Care,8.0
GILD,2020-12-31,24689000000.0,20117000000.0,9927000000.0,123000000.0,,,,,1580000000.0,,,Health Care,8.0
GPN,2023-12-31,9654419000.0,5926898000.0,1853130000.0,986233000.0,,,,,209020000.0,,,Information Technology,9.0
GPN,2022-12-31,8975515000.0,5196898000.0,1672320000.0,111493000.0,,,,,166694000.0,,,Information Technology,9.0
GPN,2021-12-31,8523762000.0,4750037000.0,1358876000.0,965460000.0,,,,,169034000.0,,,Information Technology,9.0
GPN,2020-12-31,7423558000.0,3772831000.0,893953000.0,584520000.0,,,,,77153000.0,,,Information Technology,9.0
GS,2023-12-31,46254000000.0,,,8516000000.0,,,,,2223000000.0,,,Financials,11.0
GS,2022-12-31,47365000000.0,,,11261000000.0,,,,,2225000000.0,,,Financials,11.0
GS,2021-12-31,59339000000.0,,,21635000000.0,,,,,5409000000.0,,,Financials,11.0
GS,2020-12-31,44559000000.0,,,9459000000.0,,,,,3020000000.0,,,Financials,11.0
GS,2019-12-31,,,,,,,,,,,,Financials,11.0
GT,2023-12-31,20066000000.0,3509000000.0,695000000.0,-689000000.0,,,,,10000000.0,,,Consumer Discretionary,8.5
GT,2022-12-31,20805000000.0,3852000000.0,1054000000.0,202000000.0,,,,,190000000.0,,,Consumer Discretionary,8.5
GT,2021-12-31,17478000000.0,3786000000.0,1087000000.0,764000000.0,,,,,-267000000.0,,,Consumer Discretionary,8.5
GT,2020-12-31,12321000000.0,1984000000.0,-208000000.0,-1254000000.0,,,,,110000000.0,,,Consumer Discretionary,8.5
GT,2019-12-31,,,,,,,,,,,,Consumer Discretionary,8.5
GWW,2023-12-31,16478000000.0,6496000000.0,2565000000.0,1829000000.0,,,,,597000000.0,,,Industrials,10.0
GWW,2022-12-31,15228000000.0,5849000000.0,2215000000.0,1547000000.0,,,,,533000000.0,,,Industrials,10.0
GWW,2021-12-31,13022000000.0,4720000000.0,1547000000.0,1043000000.0,,,,,371000000.0,,,Industrials,10.0
GWW,2020-12-31,11797000000.0,4238000000.0,1019000000.0,695000000.0,,,,,192000000.0,,,Industrials,10.0
GWW,2019-12-31,,,,,,,,,,,,Industrials,10.0
HAL,2023-12-31,23018000000.0,4360000000.0,4185000000.0,2638000000.0,,,,,701000000.0,,,Energy,12.0
HAL,2022-12-31,20297000000.0,3313000000.0,3073000000.0,1572000000.0,,,,,515000000.0,,,Energy,12.0
HAL,2021-12-31,15295000000.0,2016000000.0,1776000000.0,1457000000.0,,,,,-216000000.0,,,Energy,12.0
HAL,2020-12-31,14445000000.0,1545000000.0,1363000000.0,-2945000000.0,,,,,-278000000.0,,,Energy,12.0
HAL,2019-12-31,,,,,,,,,,,,Energy,12.0
HBI,2023-12-31,5636523000.0,1896410000.0,288782000.0,-17726000.0,,,,,-7366000.0,,,Consumer Discretionary,8.5
HBI,2022-12-31,6233650000.0,2221108000.0,519545000.0,-127204000.0,,,,,483907000.0,,,Consumer Discretionary,8.5
HBI,2021-12-31,6801240000.0,2651699000.0,797728000.0,77224000.0,,,,,60107000.0,,,Consumer Discretionary,8.5
HBI,2020-12-31,6127161000.0,1602700000.0,42666000.0,-75579000.0,,,,,-109940000.0,,,Consumer Discretionary,8.5
HBI,2019-12-31,,,,,,,,,,,,Consumer Discretionary,8.5
HOG,2023-12-31,5836478000.0,2181792000.0,779084000.0,706586000.0,,,,,171830000.0,,,Consumer Discretionary,8.5
HOG,2022-12-31,5755130000.0,2133749000.0,909278000.0,741408000.0,,,,,192019000.0,,,Consumer Discretionary,8.5
HOG,2021-12-31,5336308000.0,1900077000.0,823439000.0,650024000.0,,,,,169213000.0,,,Consumer Discretionary,8.5
HOG,2020-12-31,4054377000.0,1372185000.0,139688000.0,1298000.0,,,,,-17028000.0,,,Consumer Discretionary,8.5
HOG,2019-12-31,,,,,,,,,,,,Consumer Discretionary,8.5
HIG,2023-12-31,24330000000.0,,,2504000000.0,,,,,584000000.0,,,Financials,11.0
HIG,2022-12-31,21854000000.0,,,1819000000.0,,,,,443000000.0,,,Financials,11.0
HIG,2021-12-31,21649000000.0,,,2371000000.0,,,,,534000000.0,,,Financials,11.0
HIG,2020-12-31,20320000000.0,,,1737000000.0,,,,,383000000.0,,,Financials,11.0
HIG,2019-12-31,,,,,,,,,,,,Financials,11.0
HAS,2023-12-31,5003300000.0,2869000000.0,191400000.0,-1489300000.0,,,,,-221300000.0,,,Consumer Discretionary,8.5
HAS,2022-12-31,5856700000.0,3451900000.0,429800000.0,203500000.0,,,,,58500000.0,,,Consumer Discretionary,8.5
HAS,2021-12-31,6420400000.0,3872500000.0,872100000.0,428700000.0,,,,,146600000.0,,,Consumer Discretionary,8.5
HAS,2020-12-31,5465400000.0,3176500000.0,720400000.0,222500000.0,,,,,96700000.0,,,Consumer Discretionary,8.5
HAS,2019-12-31,,,,,,,,,,,,Consumer Discretionary,8.5
HCA,2023-12-31,64968000000.0,55066000000.0,9627000000.0,5242000000.0,,,,,1615000000.0,,,Health Care,8.0
HCA,2022-12-31,60233000000.0,50862000000.0,9053000000.0,5643000000.0,,,,,1746000000.0,,,Health Care,8.0
HCA,2021-12-31,58752000000.0,49271000000.0,9678000000.0,6956000000.0,,,,,2112000000.0,,,Health Care,8.0
HCA,2020-12-31,51533000000.0,43164000000.0,7262000000.0,3754000000.0,,,,,1043000000.0,,,Health Care,8.0
HCA,2019-12-31,,,,,,,,,,,,Health Care,8.0
HCP,2024-01-31,583137000.0,474438000.0,-254278000.0,-190668000.0,,,,,1039000.0,,,Real Estate,9.5
HCP,2023-01-31,475889000.0,388920000.0,-297287000.0,-274298000.0,,,,,1013000.0,,,Real Estate,9.5
HCP,2022-01-31,320769000.0,257329000.0,-289314000.0,-290138000.0,,,,,986000.0,,,Real Estate,9.5
HCP,2021-01-31,211854000.0,170802000.0,-84009000.0,-83515000.0,,,,,262000.0,,,Real Estate,9.5
HP,2024-09-30,2756607000.0,729038000.0,438711000.0,344165000.0,,,,,136855000.0,,,Energy,12.0
HP,2023-09-30,2872421000.0,775009000.0,533829000.0,434100000.0,,,,,159279000.0,,,Energy,12.0
HP,2022-09-30,2058944000.0,229185000.0,15618000.0,6953000.0,,,,,24366000.0,,,Energy,12.0
HP,2021-09-30,1218568000.0,-153758000.0,-352815000.0,-326150000.0,,,,,-103721000.0,,,Energy,12.0
HP,2020-09-30,,,,,,,,,,,,Energy,12.0
HSIC,2023-12-31,12339000000.0,3861000000.0,695000000.0,416000000.0,,,,,120000000.0,,,Health Care,8.0
HSIC,2022-12-31,12647000000.0,3831000000.0,878000000.0,538000000.0,,,,,170000000.0,,,Health Care,8.0
HSIC,2021-12-31,12401000000.0,3674000000.0,860000000.0,631000000.0,,,,,198000000.0,,,Health Care,8.0
HSIC,2020-12-31,10119141000.0,2814228000.0,567396000.0,403794000.0,,,,,95374000.0,,,Health Care,8.0
HSIC,2019-12-31,,,,,,,,,,,,Health Care,8.0
HES,2023-12-31,10511000000.0,8249000000.0,2897000000.0,1382000000.0,,,,,733000000.0,,,Energy,12.0
HES,2022-12-31,11324000000.0,9366000000.0,3847000000.0,2096000000.0,,,,,1099000000.0,,,Energy,12.0
HES,2021-12-31,7473000000.0,5773000000.0,2008000000.0,559000000.0,,,,,600000000.0,,,Energy,12.0
HES,2020-12-31,4667000000.0,2469000000.0,-393000000.0,-3093000000.0,,,,,-11000000.0,,,Energy,12.0
HES,2019-12-31,,,,,,,,,,,,Energy,12.0
HPE,2024-10-31,30127000000.0,9878000000.0,2494000000.0,2579000000.0,,,,,374000000.0,,,Information Technology,9.0
HPE,2023-10-31,29135000000.0,10239000000.0,2442000000.0,2025000000.0,,,,,205000000.0,,,Information Technology,9.0
HPE,2022-10-31,28496000000.0,9506000000.0,2227000000.0,868000000.0,,,,,8000000.0,,,Information Technology,9.0
HPE,2021-10-31,27784000000.0,9376000000.0,2114000000.0,3427000000.0,,,,,160000000.0,,,Information Technology,9.0
HPE,2020-10-31,,,,,,,,,,,,Information Technology,9.0
HLT,2023-12-31,10235000000.0,2930000000.0,2263000000.0,1141000000.0,,,,,541000000.0,,,Consumer Discretionary,8.5
HLT,2022-12-31,8773000000.0,2698000000.0,2094000000.0,1255000000.0,,,,,477000000.0,,,Consumer Discretionary,8.5
HLT,2021-12-31,5788000000.0,1655000000.0,1017000000.0,410000000.0,,,,,153000000.0,,,Consumer Discretionary,8.5
HLT,2020-12-31,4307000000.0,583000000.0,-119000000.0,-715000000.0,,,,,-204000000.0,,,Consumer Discretionary,8.5
HLT,2019-12-31,,,,,,,,,,,,Consumer Discretionary,8.5
HOLX,2024-09-30,4030300000.0,2227800000.0,931000000.0,789500000.0,,,,,75600000.0,,,Health Care,8.0
HOLX,2023-09-30,4030400000.0,2071500000.0,761500000.0,456000000.0,,,,,220100000.0,,,Health Care,8.0
HOLX,2022-09-30,4862800000.0,2997400000.0,1630800000.0,1302000000.0,,,,,286200000.0,,,Health Care,8.0
HOLX,2021-09-30,5632300000.0,3795800000.0,2482900000.0,1871500000.0,,,,,491400000.0,,,Health Care,8.0
HOLX,2020-09-30,,,,,,,,,,,,Health Care,8.0
HD,2024-01-31,152669000000.0,50960000000.0,21689000000.0,15143000000.0,,,,,4781000000.0,,,Consumer Discretionary,8.5
HD,2023-01-31,157403000000.0,52778000000.0,24039000000.0,17105000000.0,,,,,5372000000.0,,,Consumer Discretionary,8.5
HD,2022-01-31,151157000000.0,50832000000.0,23040000000.0,16433000000.0,,,,,5304000000.0,,,Consumer Discretionary,8.5
HD,2021-01-31,132110000000.0,44853000000.0,18278000000.0,12866000000.0,,,,,4112000000.0,,,Consumer Discretionary,8.5
HD,2020-01-31,,,,,,,,,,,,Consumer Discretionary,8.5
HON,2023-12-31,36662000000.0,13667000000.0,7554000000.0,5658000000.0,,,,,1487000000.0,,,Industrials,10.0
HON,2022-12-31,35466000000.0,13119000000.0,7070000000.0,4966000000.0,,,,,1412000000.0,,,Industrials,10.0
HON,2021-12-31,34392000000.0,12331000000.0,7473000000.0,5542000000.0,,,,,1625000000.0,,,Industrials,10.0
HON,2020-12-31,32637000000.0,10468000000.0,6654000000.0,4779000000.0,,,,,1147000000.0,,,Industrials,10.0
HRL,2024-10-31,11920797000.0,2022138000.0,1016844000.0,805038000.0,,,,,230803000.0,,,Consumer Staples,9.0
HRL,2023-10-31,12110010000.0,1999841000.0,1057674000.0,793572000.0,,,,,220552000.0,,,Consumer Staples,9.0
HRL,2022-10-31,12458806000.0,2164686000.0,1285421000.0,999987000.0,,,,,277877000.0,,,Consumer Staples,9.0
HRL,2021-10-31,11386189000.0,1927906000.0,1074835000.0,908839000.0,,,,,217029000.0,,,Consumer Staples,9.0
HRL,2020-10-31,,,,,,,,,,,,Consumer Staples,9.0
HST,2023-12-31,5311000000.0,2850000000.0,758000000.0,740000000.0,,,,,36000000.0,,,Real Estate,9.5
HST,2022-12-31,4907000000.0,2710000000.0,763000000.0,633000000.0,,,,,26000000.0,,,Real Estate,9.5
HST,2021-12-31,2890000000.0,1493000000.0,-258000000.0,-11000000.0,,,,,-91000000.0,,,Real Estate,9.5
HST,2020-12-31,1620000000.0,487000000.0,-953000000.0,-732000000.0,,,,,-220000000.0,,,Real Estate,9.5
HST,2019-12-31,,,,,,,,,,,,Real Estate,9.5
HPQ,2024-10-31,53559000000.0,11818000000.0,4202000000.0,2775000000.0,,,,,504000000.0,,,Information Technology,9.0
HPQ,2023-10-31,53718000000.0,11508000000.0,4223000000.0,3263000000.0,,,,,-326000000.0,,,Information Technology,9.0
HPQ,2022-10-31,62910000000.0,12263000000.0,5117000000.0,3132000000.0,,,,,1192000000.0,,,Information Technology,9.0
HPQ,2021-10-31,63460000000.0,13407000000.0,5678000000.0,6541000000.0,,,,,1027000000.0,,,Information Technology,9.0
HPQ,2020-10-31,,,,,,,,,,,,Information Technology,9.0
HUM,2023-12-31,106374000000.0,,,2489000000.0,,,,,836000000.0,,,Health Care,8.0
HUM,2022-12-31,92870000000.0,,,2806000000.0,,,,,762000000.0,,,Health Care,8.0
HUM,2021-12-31,83064000000.0,,,2933000000.0,,,,,485000000.0,,,Health Care,8.0
HUM,2020-12-31,77155000000.0,,,3367000000.0,,,,,1307000000.0,,,Health Care,8.0
HUM,2019-12-31,,,,,,,,,,,,Health Care,8.0
HBAN,2023-12-31,7360000000.0,,,1951000000.0,,,,,413000000.0,,,Financials,11.0
HBAN,2022-12-31,7254000000.0,,,2238000000.0,,,,,515000000.0,,,Financials,11.0
HBAN,2021-12-31,5991000000.0,,,1295000000.0,,,,,294000000.0,,,Financials,11.0
HBAN,2020-12-31,4815000000.0,,,817000000.0,,,,,155000000.0,,,Financials,11.0
HBAN,2019-12-31,,,,,,,,,,,,Financials,11.0
HII,2023-12-31,11454000000.0,1646000000.0,744000000.0,681000000.0,,,,,172000000.0,,,Industrials,10.0
HII,2022-12-31,10676000000.0,1440000000.0,517000000.0,579000000.0,,,,,140000000.0,,,Industrials,10.0
HII,2021-12-31,9524000000.0,1368000000.0,472000000.0,544000000.0,,,,,78000000.0,,,Industrials,10.0
HII,2020-12-31,9361000000.0,1670000000.0,767000000.0,696000000.0,,,,,114000000.0,,,Industrials,10.0
HII,2019-12-31,,,,,,,,,,,,Industrials,10.0
IDXX,2023-12-31,3660953000.0,2189970000.0,1097128000.0,845042000.0,,,,,216134000.0,,,Health Care,8.0
IDXX,2022-12-31,3367324000.0,2004338000.0,898765000.0,679089000.0,,,,,180883000.0,,,Health Care,8.0
IDXX,2021-12-31,3215360000.0,1889432000.0,932028000.0,744845000.0,,,,,157810000.0,,,Health Care,8.0
IDXX,2020-12-31,2706655000.0,1571040000.0,694524000.0,581776000.0,,,,,79854000.0,,,Health Care,8.0
ITW,2023-12-31,16107000000.0,6791000000.0,4040000000.0,2957000000.0,,,,,866000000.0,,,Industrials,10.0
ITW,2022-12-31,15932000000.0,6503000000.0,3790000000.0,3034000000.0,,,,,808000000.0,,,Industrials,10.0
ITW,2021-12-31,14455000000.0,5966000000.0,3477000000.0,2694000000.0,,,,,632000000.0,,,Industrials,10.0
ITW,2020-12-31,12574000000.0,5199000000.0,2882000000.0,2109000000.0,,,,,595000000.0,,,Industrials,10.0
ILMN,2023-12-31,4504000000.0,2744000000.0,-222000000.0,-1161000000.0,,,,,44000000.0,,,Health Care,8.0
ILMN,2022-12-31,4584000000.0,2972000000.0,354000000.0,-4404000000.0,,,,,68000000.0,,,Health Care,8.0
ILMN,2021-12-31,4526000000.0,3154000000.0,-123000000.0,762000000.0,,,,,122000000.0,,,Health Care,8.0
ILMN,2020-12-31,3239000000.0,2203000000.0,580000000.0,656000000.0,,,,,200000000.0,,,Health Care,8.0
ILMN,2019-12-31,,,,,,,,,,,,Health Care,8.0
INCY,2023-12-31,3695649000.0,3440649000.0,649710000.0,597599000.0,,,,,236616000.0,,,Health Care,8.0
INCY,2022-12-31,3394635000.0,3187635000.0,591626000.0,340660000.0,,,,,188456000.0,,,Health Care,8.0
INCY,2021-12-31,2986267000.0,2835276000.0,600518000.0,948581000.0,,,,,-378137000.0,,,Health Care,8.0
INCY,2020-12-31,2666702000.0,2535402000.0,-240241000.0,-295697000.0,,,,,63479000.0,,,Health Care,8.0
INCY,2019-12-31,,,,,,,,,,,,Health Care,8.0
IR,2023-12-31,6876100000.0,2882200000.0,1241500000.0,778700000.0,,,,,240000000.0,,,Industrials,10.0
IR,2022-12-31,5916300000.0,2325600000.0,879400000.0,604700000.0,,,,,149600000.0,,,Industrials,10.0
IR,2021-12-31,5152400000.0,1988500000.0,622400000.0,562500000.0,,,,,-21800000.0,,,Industrials,10.0
IR,2020-12-31,3973200000.0,1404900000.0,274400000.0,-33300000.0,,,,,11400000.0,,,Industrials,10.0
IR,2019-12-31,,,,,,,,,,,,Industrials,10.0
INTC,2023-12-31,54228000000.0,21711000000.0,31000000.0,1689000000.0,,,,,-913000000.0,,,Information Technology,9.0
INTC,2022-12-31,63054000000.0,26866000000.0,2336000000.0,8014000000.0,,,,,-249000000.0,,,Information Technology,9.0
INTC,2021-12-31,79024000000.0,43815000000.0,22082000000.0,19868000000.0,,,,,1835000000.0,,,Information Technology,9.0
INTC,2020-12-31,77867000000.0,43612000000.0,23876000000.0,20899000000.0,,,,,4179000000.0,,,Information Technology,9.0
INTC,2019-12-31,,,,,,,,,,,,Information Technology,9.0
ICE,2023-12-31,9903000000.0,5659000000.0,3963000000.0,2368000000.0,,,,,456000000.0,,,Financials,11.0
ICE,2022-12-31,9636000000.0,5202000000.0,3731000000.0,1446000000.0,,,,,310000000.0,,,Financials,11.0
ICE,2021-12-31,9168000000.0,5018000000.0,3551000000.0,4058000000.0,,,,,1629000000.0,,,Financials,11.0
ICE,2020-12-31,8244000000.0,4299000000.0,3138000000.0,2089000000.0,,,,,658000000.0,,,Financials,11.0
ICE,2019-12-31,,,,,,,,,,,,Financials,11.0
IBM,2023-12-31,61860000000.0,34300000000.0,9374000000.0,7502000000.0,,,,,1176000000.0,,,Information Technology,9.0
IBM,2022-12-31,60530000000.0,32687000000.0,8154000000.0,1640000000.0,,,,,-626000000.0,,,Information Technology,9.0
IBM,2021-12-31,57351000000.0,31486000000.0,6865000000.0,5742000000.0,,,,,124000000.0,,,Information Technology,9.0
IBM,2020-12-31,55179000000.0,30865000000.0,4662000000.0,5590000000.0,,,,,-1360000000.0,,,Information Technology,9.0
IBM,2019-12-31,,,,,,,,,,,,Information Technology,9.0
IP,2023-12-31,18916000000.0,5287000000.0,766000000.0,288000000.0,,,,,59000000.0,,,Materials,9.0
IP,2022-12-31,21161000000.0,6018000000.0,1754000000.0,1504000000.0,,,,,-236000000.0,,,Materials,9.0
IP,2021-12-31,19363000000.0,5531000000.0,1466000000.0,1752000000.0,,,,,188000000.0,,,Materials,9.0
IP,2020-12-31,17565000000.0,5226000000.0,1359000000.0,482000000.0,,,,,176000000.0,,,Materials,9.0
IP,2019-12-31,,,,,,,,,,,,Materials,9.0
IPG,2023-12-31,10889300000.0,1814200000.0,1482700000.0,1098400000.0,,,,,291200000.0,,,Consumer Discretionary,8.5
IPG,2022-12-31,10927800000.0,1844700000.0,1483600000.0,938000000.0,,,,,318400000.0,,,Consumer Discretionary,8.5
IPG,2021-12-31,10240700000.0,1852900000.0,1446800000.0,952800000.0,,,,,251800000.0,,,Consumer Discretionary,8.5
IPG,2020-12-31,9061000000.0,1351600000.0,1002200000.0,351100000.0,,,,,8000000.0,,,Consumer Discretionary,8.5
IFF,2023-12-31,11479000000.0,3681000000.0,578000000.0,-2565000000.0,,,,,45000000.0,,,Materials,9.0
IFF,2022-12-31,12440000000.0,4151000000.0,1053000000.0,-1868000000.0,,,,,239000000.0,,,Materials,9.0
IFF,2021-12-31,11656000000.0,3735000000.0,625000000.0,268000000.0,,,,,75000000.0,,,Materials,9.0
IFF,2020-12-31,5084000000.0,2086000000.0,587000000.0,365000000.0,,,,,74000000.0,,,Materials,9.0
INTU,2024-07-31,16285000000.0,12820000000.0,3877000000.0,2963000000.0,,,,,587000000.0,,,Information Technology,9.0
INTU,2023-07-31,14368000000.0,11225000000.0,3153000000.0,2384000000.0,,,,,605000000.0,,,Information Technology,9.0
INTU,2022-07-31,12726000000.0,10320000000.0,2559000000.0,2066000000.0,,,,,476000000.0,,,Information Technology,9.0
INTU,2021-07-31,9633000000.0,7950000000.0,2528000000.0,2062000000.0,,,,,494000000.0,,,Information Technology,9.0
INTU,2020-07-31,,,,,,,,,,,,Information Technology,9.0
ISRG,2023-12-31,7124100000.0,4729500000.0,1766800000.0,1798000000.0,,,,,141600000.0,,,Health Care,8.0
ISRG,2022-12-31,6222200000.0,4196000000.0,1577100000.0,1322300000.0,,,,,262400000.0,,,Health Care,8.0
ISRG,2021-12-31,5710100000.0,3958500000.0,1821000000.0,1704600000.0,,,,,162200000.0,,,Health Care,8.0
ISRG,2020-12-31,4358400000.0,2861200000.0,1049800000.0,1060600000.0,,,,,140200000.0,,,Health Care,8.0
ISRG,2019-12-31,,,,,,,,,,,,Health Care,8.0
IVZ,2023-12-31,5716400000.0,2005400000.0,-393200000.0,-96900000.0,,,,,-69700000.0,,,Financials,11.0
IVZ,2022-12-31,6048900000.0,2437600000.0,1338900000.0,920700000.0,,,,,322200000.0,,,Financials,11.0
IVZ,2021-12-31,6894500000.0,2833900000.0,1722300000.0,1629800000.0,,,,,531100000.0,,,Financials,11.0
IVZ,2020-12-31,6145600000.0,2390100000.0,1251200000.0,761600000.0,,,,,261600000.0,,,Financials,11.0
IVZ,2019-12-31,,,,,,,,,,,,Financials,11.0
IQV,2023-12-31,14984000000.0,5239000000.0,2061000000.0,1358000000.0,,,,,101000000.0,,,Health Care,8.0
IQV,2022-12-31,14410000000.0,5028000000.0,1827000000.0,1091000000.0,,,,,260000000.0,,,Health Care,8.0
IQV,2021-12-31,13874000000.0,4641000000.0,1413000000.0,966000000.0,,,,,163000000.0,,,Health Care,8.0
IQV,2020-12-31,11359000000.0,3859000000.0,783000000.0,279000000.0,,,,,72000000.0,,,Health Care,8.0
IQV,2019-12-31,,,,,,,,,,,,Health Care,8.0
IRM,2023-12-31,5480289000.0,3122489000.0,1110043000.0,184234000.0,,,,,39943000.0,,,Real Estate,9.5
IRM,2022-12-31,5103574000.0,2914454000.0,1046282000.0,556981000.0,,,,,69489000.0,,,Real Estate,9.5
IRM,2021-12-31,4491531000.0,2604302000.0,901321000.0,450219000.0,,,,,176290000.0,,,Real Estate,9.5
IRM,2020-12-31,4147270000.0,2389928000.0,788644000.0,342693000.0,,,,,29609000.0,,,Real Estate,9.5
IRM,2019-12-31,,,,,,,,,,,,Real Estate,9.5
JBHT,2023-12-31,12829665000.0,2210139000.0,993196000.0,728287000.0,,,,,206600000.0,,,Industrials,10.0
JBHT,2022-12-31,14813999000.0,2472527000.0,1331553000.0,969351000.0,,,,,312022000.0,,,Industrials,10.0
JBHT,2021-12-31,12168302000.0,1869819000.0,1045530000.0,760806000.0,,,,,238966000.0,,,Industrials,10.0
JBHT,2020-12-31,9636573000.0,1449876000.0,713119000.0,506035000.0,,,,,159990000.0,,,Industrials,10.0
SJM,2024-04-30,8178700000.0,3115400000.0,1448900000.0,744000000.0,,,,,252400000.0,,,Consumer Staples,9.0
SJM,2023-04-30,8529200000.0,2801800000.0,1180700000.0,-91300000.0,,,,,82100000.0,,,Consumer Staples,9.0
SJM,2022-04-30,7998900000.0,2700700000.0,1172600000.0,631700000.0,,,,,212100000.0,,,Consumer Staples,9.0
SJM,2021-04-30,8002700000.0,3138700000.0,1386000000.0,876300000.0,,,,,295600000.0,,,Consumer Staples,9.0
JNJ,2023-12-31,85159000000.0,58606000000.0,23409000000.0,35153000000.0,,,,,1736000000.0,,,Health Care,8.0
JNJ,2022-12-31,79990000000.0,55394000000.0,22213000000.0,17941000000.0,,,,,2989000000.0,,,Health Care,8.0
JNJ,2021-12-31,78740000000.0,55338000000.0,20943000000.0,20878000000.0,,,,,1377000000.0,,,Health Care,8.0
JNJ,2020-12-31,82584000000.0,54157000000.0,19733000000.0,14714000000.0,,,,,1783000000.0,,,Health Care,8.0
JCI,2024-09-30,22952000000.0,8077000000.0,2416000000.0,1705000000.0,,,,,111000000.0,,,Industrials,10.0
JCI,2023-09-30,22331000000.0,7804000000.0,2417000000.0,1849000000.0,,,,,-468000000.0,,,Industrials,10.0
JCI,2022-09-30,20637000000.0,7090000000.0,2012000000.0,1532000000.0,,,,,-182000000.0,,,Industrials,10.0
JCI,2021-09-30,23668000000.0,8059000000.0,2801000000.0,1637000000.0,,,,,868000000.0,,,Industrials,10.0
JCI,2020-09-30,,,,,,,,,,,,Industrials,10.0
JPM,2023-12-31,154952000000.0,,,49552000000.0,,,,,12060000000.0,,,Financials,11.0
JPM,2022-12-31,128641000000.0,,,37676000000.0,,,,,8490000000.0,,,Financials,11.0
JPM,2021-12-31,121685000000.0,,,48334000000.0,,,,,11228000000.0,,,Financials,11.0
JPM,2020-12-31,119883000000.0,,,29131000000.0,,,,,6684000000.0,,,Financials,11.0
JPM,2019-12-31,,,,,,,,,,,,Financials,11.0
JNPR,2023-12-31,5564500000.0,3201900000.0,568100000.0,310200000.0,,,,,29200000.0,,,Information Technology,9.0
JNPR,2022-12-31,5301200000.0,2958300000.0,539300000.0,471000000.0,,,,,60500000.0,,,Information Technology,9.0
JNPR,2021-12-31,4735400000.0,2740100000.0,430400000.0,252700000.0,,,,,57400000.0,,,Information Technology,9.0
JNPR,2020-12-31,4445100000.0,2573700000.0,421100000.0,257800000.0,,,,,7400000.0,,,Information Technology,9.0
JNPR,2019-12-31,,,,,,,,,,,,Information Technology,9.0
K,2023-12-31,13122000000.0,4283000000.0,1505000000.0,951000000.0,,,,,258000000.0,,,Consumer Staples,9.0
K,2022-12-31,12653000000.0,3811000000.0,1211000000.0,960000000.0,,,,,180000000.0,,,Consumer Staples,9.0
K,2021-12-31,11747000000.0,3818000000.0,1383000000.0,1488000000.0,,,,,353000000.0,,,Consumer Staples,9.0
K,2020-12-31,13770000000.0,4727000000.0,1761000000.0,1251000000.0,,,,,323000000.0,,,Consumer Staples,9.0
KEY,2023-12-31,6215000000.0,,,967000000.0,,,,,196000000.0,,,Financials,11.0
KEY,2022-12-31,7026000000.0,,,1917000000.0,,,,,422000000.0,,,Financials,11.0
KEY,2021-12-31,7038000000.0,,,2625000000.0,,,,,642000000.0,,,Financials,11.0
KEY,2020-12-31,6490000000.0,,,1343000000.0,,,,,227000000.0,,,Financials,11.0
KEY,2019-12-31,,,,,,,,,,,,Financials,11.0
KMB,2023-12-31,20431000000.0,7032000000.0,3002000000.0,1764000000.0,,,,,453000000.0,,,Consumer Staples,9.0
KMB,2022-12-31,20175000000.0,6219000000.0,2681000000.0,1934000000.0,,,,,495000000.0,,,Consumer Staples,9.0
KMB,2021-12-31,19440000000.0,5988000000.0,2561000000.0,1814000000.0,,,,,479000000.0,,,Consumer Staples,9.0
KMB,2020-12-31,19140000000.0,6822000000.0,3244000000.0,2352000000.0,,,,,676000000.0,,,Consumer Staples,9.0
KIM,2023-12-31,1783400000.0,1226682000.0,582610000.0,654273000.0,,,,,60952000.0,,,Real Estate,9.5
KIM,2022-12-31,1727684000.0,1196777000.0,572243000.0,125976000.0,,,,,56654000.0,,,Real Estate,9.5
KIM,2021-12-31,1364585000.0,946674000.0,447233000.0,844059000.0,,,,,3380000.0,,,Real Estate,9.5
KIM,2020-12-31,1057893000.0,714924000.0,332752000.0,1000833000.0,,,,,978000.0,,,Real Estate,9.5
KIM,2019-12-31,,,,,,,,,,,,Real Estate,9.5
KMI,2023-12-31,15334000000.0,8146000000.0,4248000000.0,2391000000.0,,,,,715000000.0,,,Energy,12.0
KMI,2022-12-31,19200000000.0,7759000000.0,4033000000.0,2548000000.0,,,,,710000000.0,,,Energy,12.0
KMI,2021-12-31,16610000000.0,7982000000.0,4540000000.0,1784000000.0,,,,,369000000.0,,,Energy,12.0
KMI,2020-12-31,11700000000.0,6991000000.0,3492000000.0,119000000.0,,,,,481000000.0,,,Energy,12.0
KMI,2019-12-31,,,,,,,,,,,,Energy,12.0
KLAC,2024-06-30,9812247000.0,5884174000.0,3635684000.0,2761896000.0,,,,,428136000.0,,,Information Technology,9.0
KLAC,2023-06-30,10496056000.0,6277749000.0,3994696000.0,3387277000.0,,,,,401839000.0,,,Information Technology,9.0
KLAC,2022-06-30,9211883000.0,5619442000.0,3654181000.0,3321807000.0,,,,,167177000.0,,,Information Technology,9.0
KLAC,2021-06-30,6918734000.0,4146569000.0,2488480000.0,2078292000.0,,,,,283101000.0,,,Information Technology,9.0
KLAC,2020-06-30,,,,,,,,,,,,Information Technology,9.0
KSS,2024-01-31,17476000000.0,6978000000.0,717000000.0,317000000.0,,,,,56000000.0,,,Consumer Discretionary,8.5
KSS,2023-01-31,18098000000.0,6641000000.0,246000000.0,-19000000.0,,,,,-39000000.0,,,Consumer Discretionary,8.5
KSS,2022-01-31,19433000000.0,7996000000.0,1680000000.0,938000000.0,,,,,281000000.0,,,Consumer Discretionary,8.5
KSS,2021-01-31,15955000000.0,5595000000.0,-300000000.0,-163000000.0,,,,,-383000000.0,,,Consumer Discretionary,8.5
KSS,2020-01-31,,,,,,,,,,,,Consumer Discretionary,8.5
KHC,2023-12-31,26640000000.0,8926000000.0,5181000000.0,2855000000.0,,,,,787000000.0,,,Consumer Staples,9.0
KHC,2022-12-31,26485000000.0,8122000000.0,4696000000.0,2363000000.0,,,,,598000000.0,,,Consumer Staples,9.0
KHC,2021-12-31,26042000000.0,8682000000.0,5315000000.0,1012000000.0,,,,,684000000.0,,,Consumer Staples,9.0
KHC,2020-12-31,26185000000.0,9177000000.0,5850000000.0,356000000.0,,,,,669000000.0,,,Consumer Staples,9.0
KR,2024-01-31,150039000000.0,33364000000.0,3096000000.0,2164000000.0,,,,,667000000.0,,,Consumer Staples,9.0
KR,2023-01-31,148258000000.0,31778000000.0,4126000000.0,2244000000.0,,,,,653000000.0,,,Consumer Staples,9.0
KR,2022-01-31,137888000000.0,30349000000.0,3477000000.0,1655000000.0,,,,,385000000.0,,,Consumer Staples,9.0
KR,2021-01-31,132498000000.0,30901000000.0,2780000000.0,2585000000.0,,,,,782000000.0,,,Consumer Staples,9.0
KR,2020-01-31,,,,,,,,,,,,Consumer Staples,9.0
LB,2023-12-31,92902000.0,89457000.0,89511000.0,11352000.0,,,,,3368000.0,,,Consumer Discretionary,8.5
LB,2022-12-31,51777000.0,47937000.0,-3232000.0,-6361000.0,,,,,164000.0,,,Consumer Discretionary,8.5
LH,2023-12-31,12161600000.0,3364900000.0,1123700000.0,418000000.0,,,,,188500000.0,,,Health Care,8.0
LH,2022-12-31,11863900000.0,3708900000.0,1752200000.0,1279100000.0,,,,,233900000.0,,,Health Care,8.0
LH,2021-12-31,13136100000.0,4992400000.0,3072600000.0,2377300000.0,,,,,690000000.0,,,Health Care,8.0
LH,2020-12-31,13978500000.0,4952800000.0,2948100000.0,1556100000.0,,,,,662100000.0,,,Health Care,8.0
LRCX,2024-06-30,14905386000.0,7052791000.0,4282100000.0,3827772000.0,,,,,532450000.0,,,Information Technology,9.0
LRCX,2023-06-30,17428516000.0,7776925000.0,5217010000.0,4510931000.0,,,,,598279000.0,,,Information Technology,9.0
LRCX,2022-06-30,17227039000.0,7871807000.0,5381822000.0,4605286000.0,,,,,587828000.0,,,Information Technology,9.0
LRCX,2021-06-30,14626150000.0,6805306000.0,4482023000.0,3908458000.0,,,,,462346000.0,,,Information Technology,9.0
LRCX,2020-06-30,,,,,,,,,,,,Information Technology,9.0
LEG,2023-12-31,4725300000.0,853800000.0,319400000.0,-136800000.0,,,,,-36600000.0,,,Consumer Discretionary,8.5
LEG,2022-12-31,5146700000.0,976800000.0,482700000.0,309800000.0,,,,,93700000.0,,,Consumer Discretionary,8.5
LEG,2021-12-31,5072600000.0,1038300000.0,548700000.0,402400000.0,,,,,119500000.0,,,Consumer Discretionary,8.5
LEG,2020-12-31,4280200000.0,904100000.0,414500000.0,253000000.0,,,,,74800000.0,,,Consumer Discretionary,8.5
LEG,2019-12-31,,,,,,,,,,,,Consumer Discretionary,8.5
LEN,2023-11-30,34233366000.0,5940984000.0,5439646000.0,3938511000.0,,,,,1241013000.0,,,Consumer Discretionary,8.5
LEN,2022-11-30,33671010000.0,7202144000.0,6787646000.0,4614125000.0,,,,,1366065000.0,,,Consumer Discretionary,8.5
LEN,2021-11-30,27130676000.0,5536639000.0,5138258000.0,4430111000.0,,,,,1362509000.0,,,Consumer Discretionary,8.5
LEN,2020-11-30,22488854000.0,3474108000.0,3140662000.0,2465036000.0,,,,,656235000.0,,,Consumer Discretionary,8.5
LLY,2023-12-31,34124100000.0,27041900000.0,10787300000.0,5240400000.0,,,,,1314200000.0,,,Health Care,8.0
LLY,2022-12-31,28541400000.0,21911600000.0,8653300000.0,6244800000.0,,,,,561600000.0,,,Health Care,8.0
LLY,2021-12-31,28318400000.0,21005600000.0,7933000000.0,5581700000.0,,,,,573800000.0,,,Health Care,8.0
LLY,2020-12-31,24539800000.0,19056500000.0,7101400000.0,6193700000.0,,,,,1036200000.0,,,Health Care,8.0
LLY,2019-12-31,,,,,,,,,,,,Health Care,8.0
LNC,2023-12-31,11711000000.0,,,-752000000.0,,,,,-396000000.0,,,Financials,11.0
LNC,2022-12-31,18929000000.0,,,1358000000.0,,,,,367000000.0,,,Financials,11.0
LNC,2021-12-31,17605000000.0,,,3778000000.0,,,,,865000000.0,,,Financials,11.0
LNC,2020-12-31,17579000000.0,,,499000000.0,,,,,-76000000.0,,,Financials,11.0
LKQ,2023-12-31,13866000000.0,5575000000.0,1422000000.0,936000000.0,,,,,306000000.0,,,Consumer Discretionary,8.5
LKQ,2022-12-31,12794000000.0,5223000000.0,1442000000.0,1149000000.0,,,,,385000000.0,,,Consumer Discretionary,8.5
LKQ,2021-12-31,13089000000.0,5322000000.0,1494000000.0,1091000000.0,,,,,331000000.0,,,Consumer Discretionary,8.5
LKQ,2020-12-31,11628830000.0,4593271000.0,1054914000.0,638423000.0,,,,,249498000.0,,,Consumer Discretionary,8.5
LKQ,2019-12-31,,,,,,,,,,,,Consumer Discretionary,8.5
LMT,2023-12-31,67571000000.0,8479000000.0,8507000000.0,6920000000.0,,,,,1178000000.0,,,Industrials,10.0
LMT,2022-12-31,65984000000.0,8287000000.0,8348000000.0,5732000000.0,,,,,948000000.0,,,Industrials,10.0
LMT,2021-12-31,67044000000.0,9061000000.0,9123000000.0,6315000000.0,,,,,1235000000.0,,,Industrials,10.0
LMT,2020-12-31,65398000000.0,8654000000.0,8644000000.0,6833000000.0,,,,,1347000000.0,,,Industrials,10.0
LMT,2019-12-31,,,,,,,,,,,,Industrials,10.0
L,2023-12-31,15678000000.0,,,1434000000.0,,,,,451000000.0,,,Financials,11.0
L,2022-12-31,14050000000.0,,,822000000.0,,,,,223000000.0,,,Financials,11.0
L,2021-12-31,13727000000.0,,,1562000000.0,,,,,475000000.0,,,Financials,11.0
L,2020-12-31,13667000000.0,,,-931000000.0,,,,,-173000000.0,,,Financials,11.0
LOW,2024-01-31,86377000000.0,28844000000.0,11557000000.0,7726000000.0,,,,,2449000000.0,,,Consumer Discretionary,8.5
LOW,2023-01-31,97059000000.0,32257000000.0,10159000000.0,6437000000.0,,,,,2599000000.0,,,Consumer Discretionary,8.5
LOW,2022-01-31,96250000000.0,32056000000.0,12093000000.0,8442000000.0,,,,,2766000000.0,,,Consumer Discretionary,8.5
LOW,2021-01-31,89597000000.0,29572000000.0,9647000000.0,5835000000.0,,,,,1904000000.0,,,Consumer Discretionary,8.5
LOW,2020-01-31,,,,,,,,,,,,Consumer Discretionary,8.5
LYB,2023-12-31,41107000000.0,5258000000.0,3571000000.0,2114000000.0,,,,,501000000.0,,,Materials,9.0
LYB,2022-12-31,50451000000.0,6604000000.0,5170000000.0,3882000000.0,,,,,882000000.0,,,Materials,9.0
LYB,2021-12-31,46173000000.0,8776000000.0,7397000000.0,5610000000.0,,,,,1163000000.0,,,Materials,9.0
LYB,2020-12-31,27753000000.0,3394000000.0,2141000000.0,1420000000.0,,,,,-43000000.0,,,Materials,9.0
LYB,2019-12-31,,,,,,,,,,,,Materials,9.0
MTB,2023-12-31,9398000000.0,,,2741000000.0,,,,,878000000.0,,,Financials,11.0
MTB,2022-12-31,8013000000.0,,,1992000000.0,,,,,620000000.0,,,Financials,11.0
MTB,2021-12-31,5962000000.0,,,1859000000.0,,,,,596000000.0,,,Financials,11.0
MTB,2020-12-31,5954761000.0,,,1353152000.0,,,,,416369000.0,,,Financials,11.0
MTB,2019-12-31,,,,,,,,,,,,Financials,11.0
MAC,2023-12-31,884068000.0,489178000.0,177579000.0,-274065000.0,,,,,-494000.0,,,Real Estate,9.5
MAC,2022-12-31,859164000.0,468811000.0,150035000.0,-66068000.0,,,,,705000.0,,,Real Estate,9.5
MAC,2021-12-31,847437000.0,466553000.0,125368000.0,14263000.0,,,,,6948000.0,,,Real Estate,9.5
MAC,2020-12-31,786026000.0,438047000.0,88089000.0,-230203000.0,,,,,-447000.0,,,Real Estate,9.5
MAC,2019-12-31,,,,,,,,,,,,Real Estate,9.5
M,2024-01-31,23866000000.0,9723000000.0,1214000000.0,105000000.0,,,,,19000000.0,,,Consumer Discretionary,8.5
M,2023-01-31,25449000000.0,10143000000.0,1643000000.0,1177000000.0,,,,,341000000.0,,,Consumer Discretionary,8.5
M,2022-01-31,25399000000.0,10443000000.0,2193000000.0,1430000000.0,,,,,436000000.0,,,Consumer Discretionary,8.5
M,2021-01-31,18097000000.0,5811000000.0,-1040000000.0,-3944000000.0,,,,,-846000000.0,,,Consumer Discretionary,8.5
M,2020-01-31,,,,,,,,,,,,Consumer Discretionary,8.5
MRO,2023-12-31,6407000000.0,2679000000.0,2006000000.0,1554000000.0,,,,,357000000.0,,,Energy,12.0
MRO,2022-12-31,7540000000.0,4364000000.0,3497000000.0,3612000000.0,,,,,167000000.0,,,Energy,12.0
MRO,2021-12-31,5601000000.0,2274000000.0,1517000000.0,946000000.0,,,,,58000000.0,,,Energy,12.0
MRO,2020-12-31,3097000000.0,-370000000.0,-1000000000.0,-1451000000.0,,,,,-14000000.0,,,Energy,12.0
MRO,2019-12-31,,,,,,,,,,,,Energy,12.0
MPC,2023-12-31,148379000000.0,16506000000.0,12675000000.0,9681000000.0,,,,,2817000000.0,,,Energy,12.0
MPC,2022-12-31,177453000000.0,22567000000.0,18970000000.0,14516000000.0,,,,,4491000000.0,,,Energy,12.0
MPC,2021-12-31,119983000000.0,6611000000.0,3353000000.0,9738000000.0,,,,,264000000.0,,,Energy,12.0
MPC,2020-12-31,69779000000.0,671000000.0,-2707000000.0,-9826000000.0,,,,,-2430000000.0,,,Energy,12.0
MPC,2019-12-31,,,,,,,,,,,,Energy,12.0
MAR,2023-12-31,23713000000.0,5124000000.0,3924000000.0,3083000000.0,,,,,295000000.0,,,Consumer Discretionary,8.5
MAR,2022-12-31,20773000000.0,4558000000.0,3474000000.0,2358000000.0,,,,,756000000.0,,,Consumer Discretionary,8.5
MAR,2021-12-31,13857000000.0,2801000000.0,1758000000.0,1099000000.0,,,,,81000000.0,,,Consumer Discretionary,8.5
MAR,2020-12-31,10571000000.0,1459000000.0,351000000.0,-267000000.0,,,,,-199000000.0,,,Consumer Discretionary,8.5
MAR,2019-12-31,,,,,,,,,,,,Consumer Discretionary,8.5
MMC,2023-12-31,22736000000.0,9637000000.0,5282000000.0,3756000000.0,,,,,1224000000.0,,,Financials,11.0
MMC,2022-12-31,20720000000.0,8649000000.0,4280000000.0,3050000000.0,,,,,995000000.0,,,Financials,11.0
MMC,2021-12-31,19820000000.0,8395000000.0,4312000000.0,3143000000.0,,,,,1034000000.0,,,Financials,11.0
MMC,2020-12-31,17224000000.0,7095000000.0,3066000000.0,2016000000.0,,,,,747000000.0,,,Financials,11.0
MMC,2019-12-31,,,,,,,,,,,,Financials,11.0
MLM,2023-12-31,6777200000.0,2022600000.0,1608200000.0,1168900000.0,,,,,292500000.0,,,Materials,9.0
MLM,2022-12-31,6160700000.0,1423300000.0,1215800000.0,866800000.0,,,,,234800000.0,,,Materials,9.0
MLM,2021-12-31,5414000000.0,1348400000.0,1031700000.0,702500000.0,,,,,153200000.0,,,Materials,9.0
MLM,2020-12-31,4729900000.0,1252800000.0,1006700000.0,721000000.0,,,,,168200000.0,,,Materials,9.0
MAS,2023-12-31,7967000000.0,2836000000.0,1355000000.0,908000000.0,,,,,278000000.0,,,Industrials,10.0
MAS,2022-12-31,8680000000.0,2713000000.0,1313000000.0,846000000.0,,,,,288000000.0,,,Industrials,10.0
MAS,2021-12-31,8375000000.0,2863000000.0,1020000000.0,408000000.0,,,,,210000000.0,,,Industrials,10.0
MAS,2020-12-31,7188000000.0,2587000000.0,1260000000.0,1224000000.0,,,,,269000000.0,,,Industrials,10.0
MAS,2019-12-31,,,,,,,,,,,,Industrials,10.0
MA,2023-12-31,25098000000.0,19076000000.0,14630000000.0,11195000000.0,,,,,2444000000.0,,,Information Technology,9.0
MA,2022-12-31,22237000000.0,16974000000.0,12722000000.0,9930000000.0,,,,,1802000000.0,,,Information Technology,9.0
MA,2021-12-31,18884000000.0,14395000000.0,10227000000.0,8687000000.0,,,,,1620000000.0,,,Information Technology,9.0
MA,2020-12-31,15301000000.0,11514000000.0,8163000000.0,6411000000.0,,,,,1349000000.0,,,Information Technology,9.0
MA,2019-12-31,,,,,,,,,,,,Information Technology,9.0
MAT,2023-12-31,5441219000.0,2583716000.0,561659000.0,214352000.0,,,,,269475000.0,,,Consumer Discretionary,8.5
MAT,2022-12-31,5434687000.0,2481352000.0,675515000.0,393913000.0,,,,,135851000.0,,,Consumer Discretionary,8.5
MAT,2021-12-31,5457741000.0,2626662000.0,729562000.0,902987000.0,,,,,-420381000.0,,,Consumer Discretionary,8.5
MAT,2020-12-31,4588433000.0,2243103000.0,374736000.0,123579000.0,,,,,65549000.0,,,Consumer Discretionary,8.5
MKC,2023-11-30,6662200000.0,2502500000.0,1024200000.0,680600000.0,,,,,174500000.0,,,Consumer Staples,9.0
MKC,2022-11-30,6350500000.0,2274500000.0,917400000.0,682000000.0,,,,,168600000.0,,,Consumer Staples,9.0
MKC,2021-11-30,6317900000.0,2494600000.0,1090500000.0,755300000.0,,,,,192700000.0,,,Consumer Staples,9.0
MKC,2020-11-30,5601300000.0,2300400000.0,1018800000.0,747400000.0,,,,,174900000.0,,,Consumer Staples,9.0
MCD,2023-12-31,25493700000.0,14562500000.0,11745600000.0,8468800000.0,,,,,2053400000.0,,,Consumer Discretionary,8.5
MCD,2022-12-31,23182600000.0,13207200000.0,10344600000.0,6177400000.0,,,,,1648000000.0,,,Consumer Discretionary,8.5
MCD,2021-12-31,23222900000.0,12580200000.0,9872700000.0,7545200000.0,,,,,1582700000.0,,,Consumer Discretionary,8.5
MCD,2020-12-31,19207800000.0,9752100000.0,7206500000.0,4730500000.0,,,,,1410200000.0,,,Consumer Discretionary,8.5
MCD,2019-12-31,,,,,,,,,,,,Consumer Discretionary,8.5
MCK,2024-03-31,308951000000.0,12828000000.0,4171000000.0,3002000000.0,,,,,629000000.0,,,Health Care,8.0
MCK,2023-03-31,276711000000.0,12358000000.0,4582000000.0,3560000000.0,,,,,905000000.0,,,Health Care,8.0
MCK,2022-03-31,263966000000.0,13130000000.0,2593000000.0,1114000000.0,,,,,636000000.0,,,Health Care,8.0
MCK,2021-03-31,238228000000.0,12148000000.0,3299000000.0,-4539000000.0,,,,,-695000000.0,,,Health Care,8.0
MCK,2020-03-31,,,,,,,,,,,,Health Care,8.0
MDT,2024-04-30,32364000000.0,21148000000.0,5520000000.0,3676000000.0,,,,,1133000000.0,,,Health Care,8.0
MDT,2023-04-30,31227000000.0,20508000000.0,5830000000.0,3758000000.0,,,,,1580000000.0,,,Health Care,8.0
MDT,2022-04-30,31686000000.0,21541000000.0,5908000000.0,5039000000.0,,,,,456000000.0,,,Health Care,8.0
MDT,2021-04-30,30117000000.0,19634000000.0,4895000000.0,3606000000.0,,,,,265000000.0,,,Health Care,8.0
MDT,2020-04-30,,,,,,,,,,,,Health Care,8.0
MRK,2023-12-31,60115000000.0,43989000000.0,2954000000.0,365000000.0,,,,,1512000000.0,,,Health Care,8.0
MRK,2022-12-31,59283000000.0,41872000000.0,18282000000.0,14519000000.0,,,,,1918000000.0,,,Health Care,8.0
MRK,2021-12-31,48704000000.0,35078000000.0,13199000000.0,13049000000.0,,,,,1521000000.0,,,Health Care,8.0
MRK,2020-12-31,41518000000.0,27900000000.0,5548000000.0,7067000000.0,,,,,1340000000.0,,,Health Care,8.0
MET,2023-12-31,66407000000.0,,,1578000000.0,,,,,560000000.0,,,Financials,11.0
MET,2022-12-31,67822000000.0,,,5284000000.0,,,,,1062000000.0,,,Financials,11.0
MET,2021-12-31,63653000000.0,,,6855000000.0,,,,,1642000000.0,,,Financials,11.0
MET,2020-12-31,66768000000.0,,,5407000000.0,,,,,1509000000.0,,,Financials,11.0
MET,2019-12-31,,,,,,,,,,,,Financials,11.0
MTD,2023-12-31,3788309000.0,2241286000.0,1079683000.0,788778000.0,,,,,184950000.0,,,Health Care,8.0
MTD,2022-12-31,3919709000.0,2308042000.0,1126220000.0,872502000.0,,,,,198090000.0,,,Health Care,8.0
MTD,2021-12-31,3717930000.0,2171553000.0,994736000.0,768985000.0,,,,,180376000.0,,,Health Care,8.0
MTD,2020-12-31,3085177000.0,1801031000.0,784043000.0,602739000.0,,,,,146004000.0,,,Health Care,8.0
MGM,2023-12-31,16164249000.0,7610687000.0,1583503000.0,1142180000.0,,,,,157839000.0,,,Consumer Discretionary,8.5
MGM,2022-12-31,13127485000.0,6474502000.0,-1713283000.0,1473093000.0,,,,,697068000.0,,,Consumer Discretionary,8.5
MGM,2021-12-31,9680140000.0,4649531000.0,568905000.0,1254370000.0,,,,,253415000.0,,,Consumer Discretionary,8.5
MGM,2020-12-31,5162082000.0,1709371000.0,-2083666000.0,-1032724000.0,,,,,-191572000.0,,,Consumer Discretionary,8.5
MGM,2019-12-31,,,,,,,,,,,,Consumer Discretionary,8.5
MCHP,2024-03-31,7634400000.0,4995700000.0,2558700000.0,1906900000.0,,,,,459000000.0,,,Information Technology,9.0
MCHP,2023-03-31,8438700000.0,5697900000.0,3112000000.0,2237700000.0,,,,,672000000.0,,,Information Technology,9.0
MCHP,2022-03-31,6820900000.0,4449600000.0,1879100000.0,1285500000.0,,,,,197000000.0,,,Information Technology,9.0
MCHP,2021-03-31,5438400000.0,3378800000.0,999800000.0,349400000.0,,,,,-9900000.0,,,Information Technology,9.0
MCHP,2020-03-31,,,,,,,,,,,,Information Technology,9.0
MU,2024-08-31,25111000000.0,5613000000.0,1246000000.0,778000000.0,,,,,451000000.0,,,Information Technology,9.0
MU,2023-08-31,15540000000.0,-1416000000.0,-5459000000.0,-5833000000.0,,,,,177000000.0,,,Information Technology,9.0
MU,2022-08-31,30758000000.0,13898000000.0,9709000000.0,8687000000.0,,,,,888000000.0,,,Information Technology,9.0
MU,2021-08-31,27705000000.0,10423000000.0,6747000000.0,5861000000.0,,,,,394000000.0,,,Information Technology,9.0
MU,2020-08-31,,,,,,,,,,,,Information Technology,9.0
MSFT,2024-06-30,245122000000.0,171008000000.0,109433000000.0,88136000000.0,,,,,19651000000.0,,,Information Technology,9.0
MSFT,2023-06-30,211915000000.0,146052000000.0,88523000000.0,72361000000.0,,,,,16950000000.0,,,Information Technology,9.0
MSFT,2022-06-30,198270000000.0,135620000000.0,83383000000.0,72738000000.0,,,,,10978000000.0,,,Information Technology,9.0
MSFT,2021-06-30,168088000000.0,115856000000.0,69916000000.0,61271000000.0,,,,,9831000000.0,,,Information Technology,9.0
MAA,2023-12-31,2148468000.0,747480000.0,688902000.0,552806000.0,,,,,4744000.0,,,Real Estate,9.5
MAA,2022-12-31,2019866000.0,687711000.0,628878000.0,637436000.0,,,,,-6208000.0,,,Real Estate,9.5
MAA,2021-12-31,1778082000.0,517752000.0,464868000.0,533791000.0,,,,,13637000.0,,,Real Estate,9.5
MAA,2020-12-31,1677984000.0,474371000.0,427513000.0,254962000.0,,,,,3327000.0,,,Real Estate,9.5
MAA,2019-12-31,,,,,,,,,,,,Real Estate,9.5
MHK,2023-12-31,11135115000.0,2709652000.0,589936000.0,-439516000.0,,,,,84862000.0,,,Consumer Discretionary,8.5
MHK,2022-12-31,11737065000.0,2943426000.0,939988000.0,25247000.0,,,,,158110000.0,,,Consumer Discretionary,8.5
MHK,2021-12-31,11200613000.0,3268734000.0,1335011000.0,1033159000.0,,,,,256445000.0,,,Consumer Discretionary,8.5
MHK,2020-12-31,9552197000.0,2430690000.0,636002000.0,515595000.0,,,,,68647000.0,,,Consumer Discretionary,8.5
MHK,2019-12-31,,,,,,,,,,,,Consumer Discretionary,8.5
TAP,2023-12-31,11702100000.0,4368800000.0,1588900000.0,948900000.0,,,,,296100000.0,,,Consumer Staples,9.0
TAP,2022-12-31,10701000000.0,3655200000.0,1036400000.0,-175300000.0,,,,,124000000.0,,,Consumer Staples,9.0
TAP,2021-12-31,10279700000.0,4053400000.0,1498900000.0,1005700000.0,,,,,230500000.0,,,Consumer Staples,9.0
TAP,2020-12-31,9654000000.0,3768300000.0,1331300000.0,-949000000.0,,,,,301800000.0,,,Consumer Staples,9.0
TAP,2019-12-31,,,,,,,,,,,,Consumer Staples,9.0
MDLZ,2023-12-31,36016000000.0,13764000000.0,5611000000.0,4959000000.0,,,,,1537000000.0,,,Consumer Staples,9.0
MDLZ,2022-12-31,31496000000.0,11312000000.0,3796000000.0,2717000000.0,,,,,865000000.0,,,Consumer Staples,9.0
MDLZ,2021-12-31,28720000000.0,11254000000.0,4857000000.0,4300000000.0,,,,,1190000000.0,,,Consumer Staples,9.0
MDLZ,2020-12-31,26581000000.0,10446000000.0,4154000000.0,3555000000.0,,,,,1224000000.0,,,Consumer Staples,9.0
MDLZ,2019-12-31,,,,,,,,,,,,Consumer Staples,9.0
MNST,2023-12-31,7140027000.0,3794206000.0,1953355000.0,1630988000.0,,,,,437494000.0,,,Consumer Staples,9.0
MNST,2022-12-31,6311050000.0,3174567000.0,1584721000.0,1191624000.0,,,,,380340000.0,,,Consumer Staples,9.0
MNST,2021-12-31,5541352000.0,3108513000.0,1797467000.0,1377475000.0,,,,,423944000.0,,,Consumer Staples,9.0
MNST,2020-12-31,4598638000.0,2723880000.0,1633153000.0,1409594000.0,,,,,216563000.0,,,Consumer Staples,9.0
MCO,2023-12-31,,,2224000000.0,,,,,,,,,Financials,11.0
MCO,2022-12-31,5468000000.0,3855000000.0,1997000000.0,1374000000.0,,,,,386000000.0,,,Financials,11.0
MCO,2021-12-31,6218000000.0,4581000000.0,2844000000.0,2214000000.0,,,,,541000000.0,,,Financials,11.0
MCO,2020-12-31,5371000000.0,3896000000.0,2447000000.0,1778000000.0,,,,,452000000.0,,,Financials,11.0
MCO,2019-12-31,4829000000.0,3442000000.0,,1422000000.0,,,,,381000000.0,,,Financials,11.0
MS,2023-12-31,50667000000.0,,,9087000000.0,,,,,2583000000.0,,,Financials,11.0
MS,2022-12-31,50210000000.0,,,11029000000.0,,,,,2910000000.0,,,Financials,11.0
MS,2021-12-31,56414000000.0,,,15034000000.0,,,,,4548000000.0,,,Financials,11.0
MS,2020-12-31,45828000000.0,,,10996000000.0,,,,,3239000000.0,,,Financials,11.0
MS,2019-12-31,,,,,,,,,,,,Financials,11.0
MSI,2023-12-31,9978000000.0,4970000000.0,2359000000.0,1709000000.0,,,,,432000000.0,,,Information Technology,9.0
MSI,2022-12-31,9112000000.0,4229000000.0,1743000000.0,1363000000.0,,,,,148000000.0,,,Information Technology,9.0
MSI,2021-12-31,8171000000.0,4040000000.0,1717000000.0,1245000000.0,,,,,302000000.0,,,Information Technology,9.0
MSI,2020-12-31,7414000000.0,3608000000.0,1414000000.0,949000000.0,,,,,221000000.0,,,Information Technology,9.0
MSI,2019-12-31,,,,,,,,,,,,Information Technology,9.0
NDAQ,2023-12-31,6064000000.0,2546000000.0,1806000000.0,1059000000.0,,,,,344000000.0,,,Financials,11.0
NDAQ,2022-12-31,6226000000.0,2339000000.0,1661000000.0,1125000000.0,,,,,352000000.0,,,Financials,11.0
NDAQ,2021-12-31,5886000000.0,2232000000.0,1559000000.0,1187000000.0,,,,,347000000.0,,,Financials,11.0
NDAQ,2020-12-31,5625000000.0,1942000000.0,1315000000.0,933000000.0,,,,,279000000.0,,,Financials,11.0
NDAQ,2019-12-31,,,,,,,,,,,,Financials,11.0
NOV,2023-12-31,8583000000.0,1833000000.0,651000000.0,993000000.0,,,,,-373000000.0,,,Energy,12.0
NOV,2022-12-31,7237000000.0,1334000000.0,264000000.0,155000000.0,,,,,83000000.0,,,Energy,12.0
NOV,2021-12-31,5524000000.0,774000000.0,-134000000.0,-250000000.0,,,,,15000000.0,,,Energy,12.0
NOV,2020-12-31,6090000000.0,434000000.0,-534000000.0,-2542000000.0,,,,,-242000000.0,,,Energy,12.0
NOV,2019-12-31,,,,,,,,,,,,Energy,12.0
NAVI,2023-12-31,1279000000.0,,,228000000.0,,,,,85000000.0,,,Financials,11.0
NAVI,2022-12-31,1737000000.0,,,645000000.0,,,,,182000000.0,,,Financials,11.0
NAVI,2021-12-31,2211000000.0,,,717000000.0,,,,,219000000.0,,,Financials,11.0
NAVI,2020-12-31,1688000000.0,,,412000000.0,,,,,120000000.0,,,Financials,11.0
NAVI,2019-12-31,,,,,,,,,,,,Financials,11.0
NTAP,2024-04-30,6268000000.0,4433000000.0,1268000000.0,986000000.0,,,,,277000000.0,,,Information Technology,9.0
NTAP,2023-04-30,6362000000.0,4209000000.0,1159000000.0,1274000000.0,,,,,-208000000.0,,,Information Technology,9.0
NTAP,2022-04-30,6318000000.0,4220000000.0,1203000000.0,937000000.0,,,,,158000000.0,,,Information Technology,9.0
NTAP,2021-04-30,5744000000.0,3815000000.0,933000000.0,730000000.0,,,,,232000000.0,,,Information Technology,9.0
NTAP,2020-04-30,,,,,,,,,,,,Information Technology,9.0
NFLX,2023-12-31,33723297000.0,14007929000.0,6954003000.0,5407990000.0,,,,,797415000.0,,,Information Technology,9.0
NFLX,2022-12-31,31615550000.0,12447265000.0,5632831000.0,4491924000.0,,,,,772005000.0,,,Information Technology,9.0
NFLX,2021-12-31,29697844000.0,12365161000.0,6194509000.0,5116228000.0,,,,,723875000.0,,,Information Technology,9.0
NFLX,2020-12-31,24996056000.0,9719737000.0,4585289000.0,2761395000.0,,,,,437954000.0,,,Information Technology,9.0
NFLX,2019-12-31,,,,,,,,,,,,Information Technology,9.0
NWL,2023-12-31,8133000000.0,2353000000.0,352000000.0,-388000000.0,,,,,-155000000.0,,,Consumer Discretionary,8.5
NWL,2022-12-31,9459000000.0,2834000000.0,801000000.0,197000000.0,,,,,-40000000.0,,,Consumer Discretionary,8.5
NWL,2021-12-31,10589000000.0,3363000000.0,1089000000.0,622000000.0,,,,,138000000.0,,,Consumer Discretionary,8.5
NWL,2020-12-31,9385000000.0,3079000000.0,890000000.0,-770000000.0,,,,,-236000000.0,,,Consumer Discretionary,8.5
NWL,2019-12-31,,,,,,,,,,,,Consumer Discretionary,8.5
NEM,2023-12-31,11812000000.0,3005000000.0,708000000.0,-2494000000.0,,,,,526000000.0,,,Materials,9.0
NEM,2022-12-31,11915000000.0,3262000000.0,1605000000.0,-429000000.0,,,,,455000000.0,,,Materials,9.0
NEM,2021-12-31,12222000000.0,4464000000.0,1996000000.0,1166000000.0,,,,,1098000000.0,,,Materials,9.0
NEM,2020-12-31,11497000000.0,4183000000.0,3061000000.0,2829000000.0,,,,,704000000.0,,,Materials,9.0
NEM,2019-12-31,,,,,,,,,,,,Materials,9.0
NWSA,2024-06-30,10085000000.0,,805000000.0,266000000.0,,,,,192000000.0,,,Consumer Discretionary,8.5
NWSA,2023-06-30,9879000000.0,,706000000.0,149000000.0,,,,,143000000.0,,,Consumer Discretionary,8.5
NWSA,2022-06-30,10385000000.0,,981000000.0,623000000.0,,,,,52000000.0,,,Consumer Discretionary,8.5
NWSA,2021-06-30,9358000000.0,,593000000.0,330000000.0,,,,,61000000.0,,,Consumer Discretionary,8.5
NWSA,2020-06-30,,,,,,,,,,,,Consumer Discretionary,8.5
NWS,2024-06-30,10085000000.0,,805000000.0,266000000.0,,,,,192000000.0,,,Consumer Discretionary,8.5
NWS,2023-06-30,9879000000.0,,706000000.0,149000000.0,,,,,143000000.0,,,Consumer Discretionary,8.5
NWS,2022-06-30,10385000000.0,,981000000.0,623000000.0,,,,,52000000.0,,,Consumer Discretionary,8.5
NWS,2021-06-30,9358000000.0,,593000000.0,330000000.0,,,,,61000000.0,,,Consumer Discretionary,8.5
NWS,2020-06-30,,,,,,,,,,,,Consumer Discretionary,8.5
NEE,2023-12-31,28114000000.0,17976000000.0,9832000000.0,7310000000.0,,,,,1006000000.0,,,Utilities,10.0
NEE,2022-12-31,20956000000.0,10139000000.0,3559000000.0,4147000000.0,,,,,586000000.0,,,Utilities,10.0
NEE,2021-12-31,17069000000.0,8561000000.0,2836000000.0,3573000000.0,,,,,348000000.0,,,Utilities,10.0
NEE,2020-12-31,17997000000.0,10707000000.0,4946000000.0,2919000000.0,,,,,44000000.0,,,Utilities,10.0
NEE,2019-12-31,,,,,,,,,,,,Utilities,10.0
NKE,2024-05-31,51362000000.0,22887000000.0,6311000000.0,5700000000.0,,,,,1000000000.0,,,Consumer Discretionary,8.5
NKE,2023-05-31,51217000000.0,22292000000.0,5915000000.0,5070000000.0,,,,,1131000000.0,,,Consumer Discretionary,8.5
NKE,2022-05-31,46710000000.0,21479000000.0,6675000000.0,6046000000.0,,,,,605000000.0,,,Consumer Discretionary,8.5
NKE,2021-05-31,44538000000.0,19962000000.0,6937000000.0,5727000000.0,,,,,934000000.0,,,Consumer Discretionary,8.5
NI,2023-12-31,5505400000.0,2477200000.0,1274400000.0,714300000.0,,,,,139500000.0,,,Utilities,10.0
NI,2022-12-31,5850600000.0,2250700000.0,1189200000.0,804100000.0,,,,,164600000.0,,,Utilities,10.0
NI,2021-12-31,4899600000.0,2051300000.0,1050100000.0,584900000.0,,,,,117800000.0,,,Utilities,10.0
NI,2020-12-31,4681700000.0,1986500000.0,970700000.0,-17600000.0,,,,,-17100000.0,,,Utilities,10.0
NI,2019-12-31,,,,,,,,,,,,Utilities,10.0
JWN,2024-01-31,14693000000.0,5390000000.0,535000000.0,134000000.0,,,,,13000000.0,,,Consumer Discretionary,8.5
JWN,2023-01-31,15530000000.0,5511000000.0,465000000.0,245000000.0,,,,,92000000.0,,,Consumer Discretionary,8.5
JWN,2022-01-31,14789000000.0,5445000000.0,492000000.0,178000000.0,,,,,68000000.0,,,Consumer Discretionary,8.5
JWN,2021-01-31,10715000000.0,3115000000.0,-1047000000.0,-690000000.0,,,,,-538000000.0,,,Consumer Discretionary,8.5
NSC,2023-12-31,12156000000.0,4435000000.0,4274000000.0,1827000000.0,,,,,493000000.0,,,Industrials,10.0
NSC,2022-12-31,12745000000.0,5239000000.0,5002000000.0,3270000000.0,,,,,860000000.0,,,Industrials,10.0
NSC,2021-12-31,11142000000.0,4744000000.0,4714000000.0,3005000000.0,,,,,873000000.0,,,Industrials,10.0
NSC,2020-12-31,9789000000.0,3766000000.0,3657000000.0,2013000000.0,,,,,517000000.0,,,Industrials,10.0
NSC,2019-12-31,,,,,,,,,,,,Industrials,10.0
NTRS,2023-12-31,6773500000.0,,,1107300000.0,,,,,357500000.0,,,Financials,11.0
NTRS,2022-12-31,6761200000.0,,,1336000000.0,,,,,430300000.0,,,Financials,11.0
NTRS,2021-12-31,6464500000.0,,,1545300000.0,,,,,464800000.0,,,Financials,11.0
NTRS,2020-12-31,6100800000.0,,,1209300000.0,,,,,418300000.0,,,Financials,11.0
NTRS,2019-12-31,,,,,,,,,,,,Financials,11.0
NOC,2023-12-31,39290000000.0,6551000000.0,2537000000.0,2056000000.0,,,,,290000000.0,,,Industrials,10.0
NOC,2022-12-31,36602000000.0,7474000000.0,3601000000.0,4896000000.0,,,,,940000000.0,,,Industrials,10.0
NOC,2021-12-31,35667000000.0,7268000000.0,3671000000.0,7005000000.0,,,,,1933000000.0,,,Industrials,10.0
NOC,2020-12-31,36799000000.0,7478000000.0,4065000000.0,3189000000.0,,,,,539000000.0,,,Industrials,10.0
NCLH,2023-12-31,8549924000.0,3081337000.0,930911000.0,166178000.0,,,,,-3002000.0,,,Consumer Discretionary,8.5
NCLH,2022-12-31,4843760000.0,576674000.0,-1551757000.0,-2269909000.0,,,,,-6794000.0,,,Consumer Discretionary,8.5
NCLH,2021-12-31,647986000.0,-960051000.0,-2552348000.0,-4506587000.0,,,,,5267000.0,,,Consumer Discretionary,8.5
NCLH,2020-12-31,1279908000.0,-413153000.0,-1876338000.0,-4012514000.0,,,,,12467000.0,,,Consumer Discretionary,8.5
NCLH,2019-12-31,,,,,,,,,,,,Consumer Discretionary,8.5
NRG,2023-12-31,28823000000.0,2297000000.0,-1049000000.0,-202000000.0,,,,,-11000000.0,,,Utilities,10.0
NRG,2022-12-31,31543000000.0,4097000000.0,2224000000.0,1221000000.0,,,,,442000000.0,,,Utilities,10.0
NRG,2021-12-31,26989000000.0,6507000000.0,3731000000.0,2187000000.0,,,,,672000000.0,,,Utilities,10.0
NRG,2020-12-31,9093000000.0,2553000000.0,1200000000.0,510000000.0,,,,,251000000.0,,,Utilities,10.0
NRG,2019-12-31,,,,,,,,,,,,Utilities,10.0
NUE,2023-12-31,34713501000.0,7814394000.0,6230342000.0,4524801000.0,,,,,1359966000.0,,,Materials,9.0
NUE,2022-12-31,41512467000.0,12503280000.0,10506102000.0,7607337000.0,,,,,2165204000.0,,,Materials,9.0
NUE,2021-12-31,36483939000.0,11025414000.0,9318805000.0,6827461000.0,,,,,2078488000.0,,,Materials,9.0
NUE,2020-12-31,20139658000.0,2227950000.0,1612909000.0,721470000.0,,,,,-490000.0,,,Materials,9.0
NUE,2019-12-31,,,,,,,,,,,,Materials,9.0
NVDA,2024-01-31,60922000000.0,44301000000.0,32972000000.0,29760000000.0,,,,,4058000000.0,,,Information Technology,9.0
NVDA,2023-01-31,26974000000.0,15356000000.0,5577000000.0,4368000000.0,,,,,-187000000.0,,,Information Technology,9.0
NVDA,2022-01-31,26914000000.0,17475000000.0,10041000000.0,9752000000.0,,,,,189000000.0,,,Information Technology,9.0
NVDA,2021-01-31,16675000000.0,10396000000.0,4532000000.0,4332000000.0,,,,,77000000.0,,,Information Technology,9.0
ORLY,2023-12-31,15812250000.0,8104803000.0,3186376000.0,2346581000.0,,,,,658169000.0,,,Consumer Discretionary,8.5
ORLY,2022-12-31,14409860000.0,7381706000.0,2954491000.0,2172650000.0,,,,,626005000.0,,,Consumer Discretionary,8.5
ORLY,2021-12-31,13327563000.0,7019949000.0,2917168000.0,2164685000.0,,,,,617229000.0,,,Consumer Discretionary,8.5
ORLY,2020-12-31,11604493000.0,6085692000.0,2419336000.0,1752302000.0,,,,,514103000.0,,,Consumer Discretionary,8.5
OXY,2023-12-31,28257000000.0,10109000000.0,6414000000.0,4696000000.0,,,,,1733000000.0,,,Energy,12.0
OXY,2022-12-31,36634000000.0,17645000000.0,13665000000.0,13304000000.0,,,,,813000000.0,,,Energy,12.0
OXY,2021-12-31,25956000000.0,7850000000.0,4665000000.0,2322000000.0,,,,,915000000.0,,,Energy,12.0
OXY,2020-12-31,17809000000.0,1244000000.0,-1258000000.0,-14831000000.0,,,,,-2172000000.0,,,Energy,12.0
OXY,2019-12-31,,,,,,,,,,,,Energy,12.0
OMC,2023-12-31,14692200000.0,2709500000.0,2104700000.0,1303300000.0,,,,,524900000.0,,,Consumer Discretionary,8.5
OMC,2022-12-31,14289100000.0,2681200000.0,2083300000.0,1299400000.0,,,,,546800000.0,,,Consumer Discretionary,8.5
OMC,2021-12-31,14289400000.0,2789700000.0,2197900000.0,1395600000.0,,,,,488700000.0,,,Consumer Discretionary,8.5
OMC,2020-12-31,13171100000.0,2181900000.0,1598800000.0,951200000.0,,,,,381700000.0,,,Consumer Discretionary,8.5
OMC,2019-12-31,,,,,,,,,,,,Consumer Discretionary,8.5
OKE,2023-12-31,17677000000.0,4979000000.0,4230000000.0,2659000000.0,,,,,838000000.0,,,Energy,12.0
OKE,2022-12-31,22387000000.0,3851000000.0,2807000000.0,1722000000.0,,,,,528000000.0,,,Energy,12.0
OKE,2021-12-31,16540000000.0,3661000000.0,2596000000.0,1500000000.0,,,,,484000000.0,,,Energy,12.0
OKE,2020-12-31,8542242000.0,2853434000.0,1968557000.0,612809000.0,,,,,189507000.0,,,Energy,12.0
OKE,2019-12-31,,,,,,,,,,,,Energy,12.0
ORCL,2024-05-31,52961000000.0,37818000000.0,16071000000.0,10467000000.0,,,,,1274000000.0,,,Information Technology,9.0
ORCL,2023-05-31,49954000000.0,36390000000.0,13773000000.0,8503000000.0,,,,,623000000.0,,,Information Technology,9.0
ORCL,2022-05-31,42440000000.0,33563000000.0,15830000000.0,6717000000.0,,,,,932000000.0,,,Information Technology,9.0
ORCL,2021-05-31,40479000000.0,32624000000.0,15782000000.0,13746000000.0,,,,,-747000000.0,,,Information Technology,9.0
ORCL,2020-05-31,,,,,,,,,,,,Information Technology,9.0
PCAR,2023-12-31,35127400000.0,7630500000.0,5946400000.0,4600800000.0,,,,,1117400000.0,,,Industrials,10.0
PCAR,2022-12-31,28819700000.0,5226500000.0,3678600000.0,3011600000.0,,,,,837100000.0,,,Industrials,10.0
PCAR,2021-12-31,23522300000.0,4279000000.0,2308200000.0,1865500000.0,,,,,530800000.0,,,Industrials,10.0
PCAR,2020-12-31,18728500000.0,3463700000.0,1571600000.0,1301200000.0,,,,,360400000.0,,,Industrials,10.0
PCAR,2019-12-31,,,,,,,,,,,,Industrials,10.0
PKG,2023-12-31,7802400000.0,1698900000.0,1118000000.0,765200000.0,,,,,248900000.0,,,Materials,9.0
PKG,2022-12-31,8478000000.0,2090600000.0,1482000000.0,1029800000.0,,,,,335000000.0,,,Materials,9.0
PKG,2021-12-31,7730300000.0,1873000000.0,1296200000.0,841100000.0,,,,,267600000.0,,,Materials,9.0
PKG,2020-12-31,6658200000.0,1369400000.0,829800000.0,461000000.0,,,,,171700000.0,,,Materials,9.0
PKG,2019-12-31,,,,,,,,,,,,Materials,9.0
PH,2024-06-30,19929606000.0,7127790000.0,3885613000.0,2844215000.0,,,,,749667000.0,,,Industrials,10.0
PH,2023-06-30,19065194000.0,6429302000.0,3142199000.0,2082936000.0,,,,,596128000.0,,,Industrials,10.0
PH,2022-06-30,15861608000.0,5311299000.0,2807238000.0,1315605000.0,,,,,298040000.0,,,Industrials,10.0
PH,2021-06-30,14347640000.0,4743118000.0,2310711000.0,1746100000.0,,,,,500096000.0,,,Industrials,10.0
PDCO,2024-04-30,6568272000.0,1380242000.0,252924000.0,185931000.0,,,,,57534000.0,,,Health Care,8.0
PDCO,2023-04-30,6471471000.0,1372945000.0,275971000.0,207557000.0,,,,,63563000.0,,,Health Care,8.0
PDCO,2022-04-30,6499405000.0,1289087000.0,157002000.0,203210000.0,,,,,64540000.0,,,Health Care,8.0
PDCO,2021-04-30,5912066000.0,1203130000.0,210607000.0,155981000.0,,,,,44822000.0,,,Health Care,8.0
PDCO,2020-04-30,,,,,,,,,,,,Health Care,8.0
PAYX,2024-05-31,5278300000.0,3799000000.0,2174100000.0,1690400000.0,,,,,527600000.0,,,Information Technology,9.0
PAYX,2023-05-31,5007100000.0,3554100000.0,2033100000.0,1557300000.0,,,,,490900000.0,,,Information Technology,9.0
PAYX,2022-05-31,4611700000.0,3255400000.0,1840000000.0,1392800000.0,,,,,431800000.0,,,Information Technology,9.0
PAYX,2021-05-31,4056800000.0,2785600000.0,1460700000.0,1097500000.0,,,,,336700000.0,,,Information Technology,9.0
PYPL,2023-12-31,29771000000.0,13704000000.0,4944000000.0,4246000000.0,,,,,1165000000.0,,,Information Technology,9.0
PYPL,2022-12-31,27518000000.0,13773000000.0,4044000000.0,2419000000.0,,,,,947000000.0,,,Information Technology,9.0
PYPL,2021-12-31,25371000000.0,13996000000.0,4324000000.0,4169000000.0,,,,,-70000000.0,,,Information Technology,9.0
PYPL,2020-12-31,21454000000.0,11779000000.0,3428000000.0,4202000000.0,,,,,863000000.0,,,Information Technology,9.0
PNR,2023-12-31,4104500000.0,1519200000.0,739200000.0,622700000.0,,,,,-4000000.0,,,Industrials,10.0
PNR,2022-12-31,4121800000.0,1364600000.0,595300000.0,480900000.0,,,,,67400000.0,,,Industrials,10.0
PNR,2021-12-31,3764800000.0,1319200000.0,636900000.0,553000000.0,,,,,70800000.0,,,Industrials,10.0
PNR,2020-12-31,3017800000.0,1057600000.0,461400000.0,358600000.0,,,,,75000000.0,,,Industrials,10.0
PEP,2023-12-31,91471000000.0,49590000000.0,12913000000.0,9074000000.0,,,,,2262000000.0,,,Consumer Staples,9.0
PEP,2022-12-31,86392000000.0,45816000000.0,11357000000.0,8910000000.0,,,,,1727000000.0,,,Consumer Staples,9.0
PEP,2021-12-31,79474000000.0,42399000000.0,11162000000.0,7618000000.0,,,,,2142000000.0,,,Consumer Staples,9.0
PEP,2020-12-31,70372000000.0,38575000000.0,10122000000.0,7120000000.0,,,,,1894000000.0,,,Consumer Staples,9.0
PEP,2019-12-31,,,,,,,,,,,,Consumer Staples,9.0
PRGO,2023-12-31,4655600000.0,1680400000.0,284100000.0,-12700000.0,,,,,-3900000.0,,,Health Care,8.0
PRGO,2022-12-31,4451600000.0,1455400000.0,121400000.0,-140600000.0,,,,,-8200000.0,,,Health Care,8.0
PRGO,2021-12-31,4138700000.0,1416200000.0,600400000.0,-68900000.0,,,,,389600000.0,,,Health Care,8.0
PRGO,2020-12-31,4088200000.0,1494900000.0,268400000.0,-162600000.0,,,,,-38300000.0,,,Health Care,8.0
PRGO,2019-12-31,,,,,,,,,,,,Health Care,8.0
PFE,2023-12-31,58496000000.0,33542000000.0,3359000000.0,2119000000.0,,,,,-1115000000.0,,,Health Care,8.0
PFE,2022-12-31,100330000000.0,65986000000.0,37272000000.0,31372000000.0,,,,,3328000000.0,,,Health Care,8.0
PFE,2021-12-31,81288000000.0,50467000000.0,23704000000.0,21979000000.0,,,,,1852000000.0,,,Health Care,8.0
PFE,2020-12-31,41651000000.0,33167000000.0,8829000000.0,9159000000.0,,,,,370000000.0,,,Health Care,8.0
PFE,2019-12-31,,,,,,,,,,,,Health Care,8.0
PCG,2023-12-31,24428000000.0,8307000000.0,4002000000.0,2256000000.0,,,,,-1557000000.0,,,Utilities,10.0
PCG,2022-12-31,21680000000.0,7015000000.0,2682000000.0,1814000000.0,,,,,-1338000000.0,,,Utilities,10.0
PCG,2021-12-31,20642000000.0,6061000000.0,2141000000.0,-88000000.0,,,,,836000000.0,,,Utilities,10.0
PCG,2020-12-31,18469000000.0,5887000000.0,2006000000.0,-1304000000.0,,,,,362000000.0,,,Utilities,10.0
PM,2023-12-31,35174000000.0,22281000000.0,12176000000.0,7813000000.0,,,,,2339000000.0,,,Consumer Staples,9.0
PM,2022-12-31,31762000000.0,20360000000.0,12222000000.0,9048000000.0,,,,,2244000000.0,,,Consumer Staples,9.0
PM,2021-12-31,31405000000.0,21375000000.0,12860000000.0,9109000000.0,,,,,2671000000.0,,,Consumer Staples,9.0
PM,2020-12-31,28694000000.0,19125000000.0,11571000000.0,8056000000.0,,,,,2377000000.0,,,Consumer Staples,9.0
PM,2019-12-31,,,,,,,,,,,,Consumer Staples,9.0
PSX,2023-12-31,147399000000.0,17336000000.0,7950000000.0,7015000000.0,,,,,2230000000.0,,,Energy,12.0
PSX,2022-12-31,169990000000.0,18429000000.0,9620000000.0,11024000000.0,,,,,3248000000.0,,,Energy,12.0
PSX,2021-12-31,111476000000.0,7769000000.0,468000000.0,1315000000.0,,,,,146000000.0,,,Energy,12.0
PSX,2020-12-31,64129000000.0,5027000000.0,-1544000000.0,-3975000000.0,,,,,-1250000000.0,,,Energy,12.0
PSX,2019-12-31,,,,,,,,,,,,Energy,12.0
PNW,2023-12-31,4695991000.0,1844609000.0,824640000.0,501557000.0,,,,,76912000.0,,,Utilities,10.0
PNW,2022-12-31,4324385000.0,1707970000.0,731911000.0,483602000.0,,,,,74827000.0,,,Utilities,10.0
PNW,2021-12-31,3803835000.0,1697217000.0,805310000.0,618720000.0,,,,,110086000.0,,,Utilities,10.0
PNW,2020-12-31,3586982000.0,1634653000.0,788152000.0,550559000.0,,,,,78173000.0,,,Utilities,10.0
PNC,2023-12-31,21509000000.0,,,5578000000.0,,,,,1089000000.0,,,Financials,11.0
PNC,2022-12-31,21114000000.0,,,6041000000.0,,,,,1360000000.0,,,Financials,11.0
PNC,2021-12-31,19211000000.0,,,5674000000.0,,,,,1263000000.0,,,Financials,11.0
PNC,2020-12-31,16901000000.0,,,7517000000.0,,,,,426000000.0,,,Financials,11.0
PNC,2019-12-31,,,,,,,,,,,,Financials,11.0
RL,2024-03-31,6631400000.0,4431800000.0,812200000.0,646300000.0,,,,,131100000.0,,,Consumer Discretionary,8.5
RL,2023-03-31,6443600000.0,4165800000.0,733100000.0,522700000.0,,,,,169200000.0,,,Consumer Discretionary,8.5
RL,2022-03-31,6218500000.0,4147500000.0,823700000.0,600100000.0,,,,,154500000.0,,,Consumer Discretionary,8.5
RL,2021-03-31,4400800000.0,2861400000.0,211500000.0,-121100000.0,,,,,46300000.0,,,Consumer Discretionary,8.5
RL,2020-03-31,,,,,,,,,,,,Consumer Discretionary,8.5
PPG,2023-12-31,18246000000.0,7501000000.0,2059000000.0,1270000000.0,,,,,439000000.0,,,Materials,9.0
PPG,2022-12-31,17652000000.0,6556000000.0,1722000000.0,1026000000.0,,,,,325000000.0,,,Materials,9.0
PPG,2021-12-31,16802000000.0,6516000000.0,1701000000.0,1439000000.0,,,,,374000000.0,,,Materials,9.0
PPG,2020-12-31,13834000000.0,6057000000.0,1787000000.0,1059000000.0,,,,,291000000.0,,,Materials,9.0
PPG,2019-12-31,,,,,,,,,,,,Materials,9.0
PPL,2023-12-31,8312000000.0,3276000000.0,1630000000.0,740000000.0,,,,,184000000.0,,,Utilities,10.0
PPL,2022-12-31,7902000000.0,2887000000.0,1374000000.0,756000000.0,,,,,201000000.0,,,Utilities,10.0
PPL,2021-12-31,5783000000.0,2713000000.0,1424000000.0,-1480000000.0,,,,,503000000.0,,,Utilities,10.0
PPL,2020-12-31,5474000000.0,2788000000.0,1586000000.0,1469000000.0,,,,,314000000.0,,,Utilities,10.0
PPL,2019-12-31,,,,,,,,,,,,Utilities,10.0
PX,2023-12-31,241734000.0,87448000.0,22975000.0,-7133000.0,,,,,4632000.0,,,Materials,9.0
PX,2022-12-31,198360000.0,104063000.0,45818000.0,29206000.0,,,,,6064000.0,,,Materials,9.0
PX,2021-12-31,150534000.0,95779000.0,43970000.0,10767000.0,,,,,-7070000.0,,,Materials,9.0
PX,2020-12-31,67368000.0,42839000.0,8710000.0,23806000.0,,,,,-26837000.0,,,Materials,9.0
PX,2019-12-31,,,,,,,,,,,,Materials,9.0
PFG,2023-12-31,13665800000.0,,,623200000.0,,,,,68700000.0,,,Financials,11.0
PFG,2022-12-31,17536100000.0,,,4756900000.0,,,,,1189500000.0,,,Financials,11.0
PFG,2021-12-31,14427800000.0,,,1580200000.0,,,,,283900000.0,,,Financials,11.0
PFG,2020-12-31,14741700000.0,,,1395800000.0,,,,,265000000.0,,,Financials,11.0
PFG,2019-12-31,,,,,,,,,,,,Financials,11.0
PG,2024-06-30,84039000000.0,43191000000.0,19886000000.0,14879000000.0,,,,,3787000000.0,,,Consumer Staples,9.0
PG,2023-06-30,82006000000.0,39246000000.0,18134000000.0,14653000000.0,,,,,3615000000.0,,,Consumer Staples,9.0
PG,2022-06-30,80187000000.0,38030000000.0,17813000000.0,14742000000.0,,,,,3202000000.0,,,Consumer Staples,9.0
PG,2021-06-30,76118000000.0,39010000000.0,17986000000.0,14306000000.0,,,,,3263000000.0,,,Consumer Staples,9.0
PGR,2023-12-31,62082300000.0,,,3902400000.0,,,,,1001300000.0,,,Financials,11.0
PGR,2022-12-31,49586400000.0,,,721500000.0,,,,,200600000.0,,,Financials,11.0
PGR,2021-12-31,47676500000.0,,,3350900000.0,,,,,859100000.0,,,Financials,11.0
PGR,2020-12-31,42638100000.0,,,5704600000.0,,,,,1468600000.0,,,Financials,11.0
PGR,2019-12-31,,,,,,,,,,,,Financials,11.0
PLD,2023-12-31,8023469000.0,6013134000.0,3084483000.0,3059214000.0,,,,,211038000.0,,,Real Estate,9.5
PLD,2022-12-31,5973692000.0,4464598000.0,2280402000.0,3364856000.0,,,,,135412000.0,,,Real Estate,9.5
PLD,2021-12-31,4759440000.0,3510953000.0,1617409000.0,2939723000.0,,,,,174258000.0,,,Real Estate,9.5
PLD,2020-12-31,4438735000.0,3268631000.0,1401807000.0,1481814000.0,,,,,130458000.0,,,Real Estate,9.5
PLD,2019-12-31,,,,,,,,,,,,Real Estate,9.5
PRU,2023-12-31,54265000000.0,,,2488000000.0,,,,,613000000.0,,,Financials,11.0
PRU,2022-12-31,56960000000.0,,,-1647000000.0,,,,,-279000000.0,,,Financials,11.0
PRU,2021-12-31,71149000000.0,,,8868000000.0,,,,,1995000000.0,,,Financials,11.0
PRU,2020-12-31,57030000000.0,,,-374000000.0,,,,,-81000000.0,,,Financials,11.0
PEG,2023-12-31,11237000000.0,4827000000.0,3474000000.0,2563000000.0,,,,,518000000.0,,,Utilities,10.0
PEG,2022-12-31,9800000000.0,2604000000.0,1853000000.0,1031000000.0,,,,,-29000000.0,,,Utilities,10.0
PEG,2021-12-31,9722000000.0,2997000000.0,2090000000.0,-648000000.0,,,,,-441000000.0,,,Utilities,10.0
PEG,2020-12-31,9603000000.0,3432000000.0,2111000000.0,1905000000.0,,,,,396000000.0,,,Utilities,10.0
PEG,2019-12-31,,,,,,,,,,,,Utilities,10.0
PSA,2023-12-31,4517690000.0,3369744000.0,2319056000.0,2148327000.0,,,,,10821000.0,,,Real Estate,9.5
PSA,2022-12-31,4182163000.0,3129256000.0,2169438000.0,4349147000.0,,,,,14326000.0,,,Real Estate,9.5
PSA,2021-12-31,3415824000.0,2495226000.0,1705832000.0,1953263000.0,,,,,12365000.0,,,Real Estate,9.5
PSA,2020-12-31,2915068000.0,2047606000.0,1411150000.0,1357213000.0,,,,,,,,Real Estate,9.5
PSA,2019-12-31,,,,,,,,,,,,Real Estate,9.5
PHM,2023-12-31,16061578000.0,4719485000.0,3396305000.0,2602372000.0,,,,,846895000.0,,,Consumer Discretionary,8.5
PHM,2022-12-31,16002979000.0,4834498000.0,3442158000.0,2617317000.0,,,,,822241000.0,,,Consumer Discretionary,8.5
PHM,2021-12-31,13736995000.0,3782422000.0,2557222000.0,1946320000.0,,,,,563525000.0,,,Consumer Discretionary,8.5
PHM,2020-12-31,11036082000.0,2778152000.0,1747025000.0,1406839000.0,,,,,321855000.0,,,Consumer Discretionary,8.5
PHM,2019-12-31,,,,,,,,,,,,Consumer Discretionary,8.5
PVH,2024-01-31,9217700000.0,5363200000.0,820600000.0,663600000.0,,,,,177400000.0,,,Consumer Discretionary,8.5
PVH,2023-01-31,9024200000.0,5122900000.0,745500000.0,200400000.0,,,,,187800000.0,,,Consumer Discretionary,8.5
PVH,2022-01-31,9154700000.0,5324100000.0,870200000.0,952300000.0,,,,,20700000.0,,,Consumer Discretionary,8.5
PVH,2021-01-31,7132600000.0,3776800000.0,-206400000.0,-1136100000.0,,,,,-55500000.0,,,Consumer Discretionary,8.5
PVH,2020-01-31,,,,,,,,,,,,Consumer Discretionary,8.5
QRVO,2024-03-31,3769506000.0,1488495000.0,313115000.0,-70322000.0,,,,,143882000.0,,,Information Technology,9.0
QRVO,2023-03-31,3569399000.0,1296942000.0,195579000.0,103152000.0,,,,,21477000.0,,,Information Technology,9.0
QRVO,2022-03-31,4645714000.0,2286168000.0,1274069000.0,1033353000.0,,,,,147731000.0,,,Information Technology,9.0
QRVO,2021-03-31,4015307000.0,1883566000.0,906627000.0,733611000.0,,,,,73769000.0,,,Information Technology,9.0
QRVO,2020-03-31,,,,,,,,,,,,Information Technology,9.0
QCOM,2024-09-30,38962000000.0,21902000000.0,10071000000.0,10142000000.0,,,,,226000000.0,,,Information Technology,9.0
QCOM,2023-09-30,35820000000.0,19951000000.0,7788000000.0,7232000000.0,,,,,104000000.0,,,Information Technology,9.0
QCOM,2022-09-30,44200000000.0,25565000000.0,15860000000.0,12936000000.0,,,,,2012000000.0,,,Information Technology,9.0
QCOM,2021-09-30,33566000000.0,19304000000.0,9789000000.0,9043000000.0,,,,,1231000000.0,,,Information Technology,9.0
QCOM,2020-09-30,,,,,,,,,,,,Information Technology,9.0
PWR,2023-12-31,20882206000.0,2937086000.0,1092935000.0,744689000.0,,,,,219267000.0,,,Industrials,10.0
PWR,2022-12-31,17073903000.0,2529155000.0,838471000.0,491189000.0,,,,,192243000.0,,,Industrials,10.0
PWR,2021-12-31,12980213000.0,1953259000.0,631937000.0,485956000.0,,,,,130918000.0,,,Industrials,10.0
PWR,2020-12-31,11202672000.0,1660847000.0,609069000.0,445596000.0,,,,,119387000.0,,,Industrials,10.0
PWR,2019-12-31,,,,,,,,,,,,Industrials,10.0
DGX,2023-12-31,9252000000.0,3053000000.0,1262000000.0,854000000.0,,,,,248000000.0,,,Health Care,8.0
DGX,2022-12-31,9883000000.0,3433000000.0,1428000000.0,946000000.0,,,,,264000000.0,,,Health Care,8.0
DGX,2021-12-31,10788000000.0,4209000000.0,2381000000.0,1995000000.0,,,,,597000000.0,,,Health Care,8.0
DGX,2020-12-31,9437000000.0,3633000000.0,1971000000.0,1431000000.0,,,,,460000000.0,,,Health Care,8.0
DGX,2019-12-31,,,,,,,,,,,,Health Care,8.0
RRC,2023-12-31,2553264000.0,790189000.0,575193000.0,871142000.0,,,,,229201000.0,,,Energy,12.0
RRC,2022-12-31,5335309000.0,3227614000.0,2997390000.0,1183370000.0,,,,,230460000.0,,,Energy,12.0
RRC,2021-12-31,3580439000.0,1598840000.0,1376202000.0,411778000.0,,,,,-9743000.0,,,Energy,12.0
RRC,2020-12-31,1780986000.0,17693000.0,-198993000.0,-711777000.0,,,,,-25552000.0,,,Energy,12.0
RRC,2019-12-31,,,,,,,,,,,,Energy,12.0
RJF,2024-09-30,12639000000.0,,,2068000000.0,,,,,575000000.0,,,Financials,11.0
RJF,2023-09-30,11468000000.0,,,1739000000.0,,,,,541000000.0,,,Financials,11.0
RJF,2022-09-30,10851000000.0,,,1509000000.0,,,,,513000000.0,,,Financials,11.0
RJF,2021-09-30,9630000000.0,,,1403000000.0,,,,,388000000.0,,,Financials,11.0
RJF,2020-09-30,,,,,,,,,,,,Financials,11.0
O,2023-12-31,4078993000.0,3762029000.0,1722316000.0,872309000.0,,,,,52021000.0,,,Real Estate,9.5
O,2022-12-31,3343681000.0,3117351000.0,1308503000.0,869408000.0,,,,,45183000.0,,,Real Estate,9.5
O,2021-12-31,2080463000.0,1946858000.0,952043000.0,359456000.0,,,,,31657000.0,,,Real Estate,9.5
O,2020-12-31,1647087000.0,1542484000.0,792231000.0,395486000.0,,,,,14693000.0,,,Real Estate,9.5
O,2019-12-31,,,,,,,,,,,,Real Estate,9.5
REG,2023-12-31,1322466000.0,927697000.0,468150000.0,364557000.0,,,,,,,,Real Estate,9.5
REG,2022-12-31,1224022000.0,878079000.0,472313000.0,482865000.0,,,,,,,,Real Estate,9.5
REG,2021-12-31,1166161000.0,839479000.0,452179000.0,361411000.0,,,,,,,,Real Estate,9.5
REG,2020-12-31,1016175000.0,703098000.0,269555000.0,44889000.0,,,,,,,,Real Estate,9.5
REG,2019-12-31,,,,,,,,,0.0,,,Real Estate,9.5
REGN,2023-12-31,13117200000.0,11301400000.0,4233200000.0,3953600000.0,,,,,245700000.0,,,Health Care,8.0
REGN,2022-12-31,12172900000.0,10612500000.0,4994000000.0,4338400000.0,,,,,520400000.0,,,Health Care,8.0
REGN,2021-12-31,16071700000.0,13634200000.0,8994800000.0,8075300000.0,,,,,1250500000.0,,,Health Care,8.0
REGN,2020-12-31,8497100000.0,7377200000.0,3576600000.0,3513200000.0,,,,,297200000.0,,,Health Care,8.0
RF,2023-12-31,7574000000.0,,,2074000000.0,,,,,533000000.0,,,Financials,11.0
RF,2022-12-31,7164000000.0,,,2245000000.0,,,,,631000000.0,,,Financials,11.0
RF,2021-12-31,6436000000.0,,,2521000000.0,,,,,694000000.0,,,Financials,11.0
RF,2020-12-31,6275000000.0,,,1094000000.0,,,,,220000000.0,,,Financials,11.0
RF,2019-12-31,,,,,,,,,,,,Financials,11.0
RSG,2023-12-31,14964500000.0,6022300000.0,2847800000.0,1731000000.0,,,,,460100000.0,,,Industrials,10.0
RSG,2022-12-31,13511300000.0,5306300000.0,2487800000.0,1487600000.0,,,,,343900000.0,,,Industrials,10.0
RSG,2021-12-31,11295000000.0,4557300000.0,2093300000.0,1290400000.0,,,,,282800000.0,,,Industrials,10.0
RSG,2020-12-31,10153600000.0,4053100000.0,1841300000.0,967200000.0,,,,,173100000.0,,,Industrials,10.0
RSG,2019-12-31,,,,,,,,,,,,Industrials,10.0
RMD,2024-06-30,4685297000.0,2655303000.0,1384121000.0,1020951000.0,,,,,243847000.0,,,Health Care,8.0
RMD,2023-06-30,4222993000.0,2355662000.0,1151997000.0,897556000.0,,,,,204108000.0,,,Health Care,8.0
RMD,2022-06-30,3578127000.0,2024311000.0,1002150000.0,779437000.0,,,,,181046000.0,,,Health Care,8.0
RMD,2021-06-30,3196825000.0,1839100000.0,912351000.0,474505000.0,,,,,409157000.0,,,Health Care,8.0
RMD,2020-06-30,,,,,,,,,,,,Health Care,8.0
RHI,2023-12-31,6392517000.0,2575004000.0,464590000.0,411146000.0,,,,,165437000.0,,,Industrials,10.0
RHI,2022-12-31,7238142000.0,3094049000.0,975086000.0,657919000.0,,,,,239036000.0,,,Industrials,10.0
RHI,2021-12-31,6461444000.0,2696028000.0,742505000.0,598626000.0,,,,,205154000.0,,,Industrials,10.0
RHI,2020-12-31,5109000000.0,2012611000.0,345351000.0,306276000.0,,,,,115606000.0,,,Industrials,10.0
RHI,2019-12-31,,,,,,,,,,,,Industrials,10.0
ROK,2024-09-30,8264200000.0,3193400000.0,1190800000.0,952500000.0,,,,,151800000.0,,,Industrials,10.0
ROK,2023-09-30,9058000000.0,3717000000.0,1693300000.0,1387400000.0,,,,,330500000.0,,,Industrials,10.0
ROK,2022-09-30,7760400000.0,3102000000.0,1335300000.0,932200000.0,,,,,154500000.0,,,Industrials,10.0
ROK,2021-09-30,6997400000.0,2897700000.0,1217700000.0,1344300000.0,,,,,181900000.0,,,Industrials,10.0
ROP,2023-12-31,6177800000.0,4307200000.0,1745200000.0,1384200000.0,,,,,374700000.0,,,Industrials,10.0
ROP,2022-12-31,5371800000.0,3752800000.0,1524500000.0,4544700000.0,,,,,296400000.0,,,Industrials,10.0
ROP,2021-12-31,4833800000.0,3407600000.0,1335600000.0,1152600000.0,,,,,226600000.0,,,Industrials,10.0
ROP,2020-12-31,4022400000.0,2828300000.0,1082900000.0,949700000.0,,,,,187500000.0,,,Industrials,10.0
ROP,2019-12-31,,,,,,,,,,,,Industrials,10.0
ROST,2024-01-31,20376941000.0,5575340000.0,2307663000.0,1874520000.0,,,,,597261000.0,,,Consumer Discretionary,8.5
ROST,2023-01-31,18695829000.0,4749599000.0,1990331000.0,1512041000.0,,,,,475448000.0,,,Consumer Discretionary,8.5
ROST,2022-01-31,18916244000.0,5207337000.0,2332868000.0,1722589000.0,,,,,535951000.0,,,Consumer Discretionary,8.5
ROST,2021-01-31,12531565000.0,2692991000.0,189710000.0,85382000.0,,,,,20915000.0,,,Consumer Discretionary,8.5
RCL,2023-12-31,13900000000.0,6125000000.0,2878000000.0,1697000000.0,,,,,,,,Consumer Discretionary,8.5
RCL,2022-12-31,8840000000.0,2224000000.0,-766000000.0,-2156000000.0,,,,,,,,Consumer Discretionary,8.5
RCL,2021-12-31,1532000000.0,-1207000000.0,-3870000000.0,-5260000000.0,,,,,,,,Consumer Discretionary,8.5
RCL,2020-12-31,2208805000.0,-556303000.0,-3035177000.0,-5797462000.0,,,,,,,,Consumer Discretionary,8.5
RCL,2019-12-31,,,,,,,,,,,,Consumer Discretionary,8.5
SPGI,2023-12-31,12497000000.0,8356000000.0,4054000000.0,2626000000.0,,,,,778000000.0,,,Financials,11.0
SPGI,2022-12-31,11181000000.0,7428000000.0,3019000000.0,3248000000.0,,,,,1180000000.0,,,Financials,11.0
SPGI,2021-12-31,8297000000.0,6117000000.0,4210000000.0,3024000000.0,,,,,901000000.0,,,Financials,11.0
SPGI,2020-12-31,7442000000.0,5348000000.0,3601000000.0,2339000000.0,,,,,694000000.0,,,Financials,11.0
SPGI,2019-12-31,,,,,,,,,,,,Financials,11.0
CRM,2024-01-31,34857000000.0,26316000000.0,5999000000.0,4136000000.0,,,,,814000000.0,,,Information Technology,9.0
CRM,2023-01-31,31352000000.0,22992000000.0,1858000000.0,208000000.0,,,,,452000000.0,,,Information Technology,9.0
CRM,2022-01-31,26492000000.0,19466000000.0,548000000.0,1444000000.0,,,,,88000000.0,,,Information Technology,9.0
CRM,2021-01-31,21252000000.0,15814000000.0,455000000.0,4072000000.0,,,,,-1511000000.0,,,Information Technology,9.0
CRM,2020-01-31,,,,,,,,,,,,Information Technology,9.0
SBAC,2023-12-31,2711584000.0,2098962000.0,1114717000.0,501812000.0,,,,,51088000.0,,,Real Estate,9.5
SBAC,2022-12-31,2633454000.0,1964804000.0,995375000.0,461429000.0,,,,,66044000.0,,,Real Estate,9.5
SBAC,2021-12-31,2308834000.0,1763350000.0,843160000.0,237624000.0,,,,,14940000.0,,,Real Estate,9.5
SBAC,2020-12-31,2083138000.0,1606610000.0,690373000.0,24104000.0,,,,,-41796000.0,,,Real Estate,9.5
SBAC,2019-12-31,,,,,,,,,,,,Real Estate,9.5
SLB,2023-12-31,33135000000.0,6563000000.0,5488000000.0,4203000000.0,,,,,1007000000.0,,,Energy,12.0
SLB,2022-12-31,28091000000.0,5161000000.0,4151000000.0,3441000000.0,,,,,779000000.0,,,Energy,12.0
SLB,2021-12-31,22929000000.0,3658000000.0,2765000000.0,1881000000.0,,,,,446000000.0,,,Energy,12.0
SLB,2020-12-31,23601000000.0,2601000000.0,1656000000.0,-10518000000.0,,,,,-812000000.0,,,Energy,12.0
SLB,2019-12-31,,,,,,,,,,,,Energy,12.0
STX,2024-06-30,6551000000.0,1536000000.0,422000000.0,335000000.0,,,,,110000000.0,,,Information Technology,9.0
STX,2023-06-30,7384000000.0,1351000000.0,60000000.0,-529000000.0,,,,,33000000.0,,,Information Technology,9.0
STX,2022-06-30,11661000000.0,3469000000.0,1958000000.0,1649000000.0,,,,,30000000.0,,,Information Technology,9.0
STX,2021-06-30,10681000000.0,2917000000.0,1500000000.0,1314000000.0,,,,,34000000.0,,,Information Technology,9.0
SEE,2023-12-31,5488900000.0,1641300000.0,819500000.0,341600000.0,,,,,90400000.0,,,Materials,9.0
SEE,2022-12-31,5641900000.0,1772900000.0,950600000.0,491600000.0,,,,,238000000.0,,,Materials,9.0
SEE,2021-12-31,5533800000.0,1680900000.0,869700000.0,506800000.0,,,,,225000000.0,,,Materials,9.0
SEE,2020-12-31,4903200000.0,1609300000.0,798100000.0,502900000.0,,,,,142100000.0,,,Materials,9.0
SEE,2019-12-31,,,,,,,,,,,,Materials,9.0
SRE,2023-12-31,16720000000.0,6619000000.0,3715000000.0,3075000000.0,,,,,490000000.0,,,Utilities,10.0
SRE,2022-12-31,14439000000.0,5211000000.0,2557000000.0,2139000000.0,,,,,556000000.0,,,Utilities,10.0
SRE,2021-12-31,12857000000.0,5298000000.0,2847000000.0,1318000000.0,,,,,99000000.0,,,Utilities,10.0
SRE,2020-12-31,11370000000.0,5041000000.0,2832000000.0,3933000000.0,,,,,249000000.0,,,Utilities,10.0
SRE,2019-12-31,,,,,,,,,,,,Utilities,10.0
SHW,2023-12-31,23051900000.0,10758100000.0,3606400000.0,2388800000.0,,,,,721100000.0,,,Materials,9.0
SHW,2022-12-31,22148900000.0,9325100000.0,3000600000.0,2020100000.0,,,,,553000000.0,,,Materials,9.0
SHW,2021-12-31,19944600000.0,8542700000.0,2664700000.0,1864400000.0,,,,,384200000.0,,,Materials,9.0
SHW,2020-12-31,18361700000.0,8682600000.0,2854200000.0,2030400000.0,,,,,488800000.0,,,Materials,9.0
SHW,2019-12-31,,,,,,,,,,,,Materials,9.0
SIG,2024-01-31,7171100000.0,2825400000.0,627700000.0,810400000.0,,,,,-170600000.0,,,Consumer Discretionary,8.5
SIG,2023-01-31,7842100000.0,3052100000.0,837500000.0,376700000.0,,,,,74500000.0,,,Consumer Discretionary,8.5
SIG,2022-01-31,7826000000.0,3124000000.0,901700000.0,769900000.0,,,,,114500000.0,,,Consumer Discretionary,8.5
SIG,2021-01-31,5226900000.0,1732500000.0,145100000.0,-15200000.0,,,,,-74500000.0,,,Consumer Discretionary,8.5
SIG,2020-01-31,,,,,,,,,,,,Consumer Discretionary,8.5
SPG,2023-12-31,5658836000.0,4630450000.0,2807022000.0,2283126000.0,,,,,81874000.0,,,Real Estate,9.5
SPG,2022-12-31,5291447000.0,4290493000.0,2583553000.0,2139535000.0,,,,,83512000.0,,,Real Estate,9.5
SPG,2021-12-31,5116789000.0,4145725000.0,2413190000.0,2249631000.0,,,,,157199000.0,,,Real Estate,9.5
SPG,2020-12-31,4607503000.0,3720349000.0,1971809000.0,1112564000.0,,,,,-4637000.0,,,Real Estate,9.5
SPG,2019-12-31,,,,,,,,,,,,Real Estate,9.5
SWKS,2024-09-30,4178000000.0,1720800000.0,787400000.0,596000000.0,,,,,40400000.0,,,Information Technology,9.0
SWKS,2023-09-30,4772400000.0,2107300000.0,1153300000.0,982800000.0,,,,,96000000.0,,,Information Technology,9.0
SWKS,2022-09-30,5485500000.0,2604300000.0,1557700000.0,1275200000.0,,,,,201400000.0,,,Information Technology,9.0
SWKS,2021-09-30,5109100000.0,2512400000.0,1621600000.0,1498300000.0,,,,,100400000.0,,,Information Technology,9.0
SWKS,2020-09-30,,,,,,,,,,,,Information Technology,9.0
SLG,2023-12-31,913710000.0,435553000.0,-312910000.0,-557304000.0,,,,,,,,Real Estate,9.5
SLG,2022-12-31,919454000.0,488366000.0,172088000.0,-71631000.0,,,,,,,,Real Estate,9.5
SLG,2021-12-31,861310000.0,497549000.0,158943000.0,457059000.0,,,,,,,,Real Estate,9.5
SLG,2020-12-31,1052744000.0,664186000.0,223394000.0,379802000.0,,,,,,,,Real Estate,9.5
SLG,2019-12-31,,,,,,,,,,,,Real Estate,9.5
SNA,2023-12-31,4730200000.0,2349100000.0,1039900000.0,1011100000.0,,,,,293400000.0,,,Consumer Discretionary,8.5
SNA,2022-12-31,4492800000.0,2181100000.0,941200000.0,911700000.0,,,,,268700000.0,,,Consumer Discretionary,8.5
SNA,2021-12-31,4252000000.0,2110800000.0,851500000.0,820500000.0,,,,,247000000.0,,,Consumer Discretionary,8.5
SNA,2020-12-31,3592500000.0,1748500000.0,631900000.0,627000000.0,,,,,189100000.0,,,Consumer Discretionary,8.5
SNA,2019-12-31,,,,,,,,,,,,Consumer Discretionary,8.5
SO,2023-12-31,25253000000.0,11708000000.0,5826000000.0,3976000000.0,,,,,496000000.0,,,Utilities,10.0
SO,2022-12-31,29279000000.0,10878000000.0,5621000000.0,3535000000.0,,,,,795000000.0,,,Utilities,10.0
SO,2021-12-31,23113000000.0,10247000000.0,3700000000.0,2408000000.0,,,,,267000000.0,,,Utilities,10.0
SO,2020-12-31,20375000000.0,9897000000.0,4820000000.0,3134000000.0,,,,,393000000.0,,,Utilities,10.0
SO,2019-12-31,,,,,,,,,,,,Utilities,10.0
LUV,2023-12-31,26091000000.0,4223000000.0,224000000.0,465000000.0,,,,,168000000.0,,,Industrials,10.0
LUV,2022-12-31,23814000000.0,4752000000.0,1017000000.0,539000000.0,,,,,189000000.0,,,Industrials,10.0
LUV,2021-12-31,15790000000.0,4115000000.0,1721000000.0,977000000.0,,,,,348000000.0,,,Industrials,10.0
LUV,2020-12-31,9048000000.0,-1890000000.0,-3816000000.0,-3074000000.0,,,,,-1182000000.0,,,Industrials,10.0
SWK,2023-12-31,15781100000.0,3932600000.0,641900000.0,-310500000.0,,,,,-94000000.0,,,Consumer Discretionary,8.5
SWK,2022-12-31,16947400000.0,4284100000.0,914100000.0,1062500000.0,,,,,-132400000.0,,,Consumer Discretionary,8.5
SWK,2021-12-31,15281300000.0,5092200000.0,1899100000.0,1689200000.0,,,,,55100000.0,,,Consumer Discretionary,8.5
SWK,2020-12-31,13057700000.0,4405400000.0,1776900000.0,1233800000.0,,,,,43000000.0,,,Consumer Discretionary,8.5
SWK,2019-12-31,,,,,,,,,,,,Consumer Discretionary,8.5
SBUX,2024-09-30,36176200000.0,9709100000.0,5107600000.0,3760900000.0,,,,,1207300000.0,,,Consumer Discretionary,8.5
SBUX,2023-09-30,35975600000.0,9846200000.0,5502900000.0,4124500000.0,,,,,1277200000.0,,,Consumer Discretionary,8.5
SBUX,2022-09-30,32250300000.0,8371100000.0,4429700000.0,3281600000.0,,,,,948500000.0,,,Consumer Discretionary,8.5
SBUX,2021-09-30,29060600000.0,8391000000.0,4657200000.0,4199300000.0,,,,,1156600000.0,,,Consumer Discretionary,8.5
SBUX,2020-09-30,,,,,,,,,,,,Consumer Discretionary,8.5
STT,2023-12-31,11945000000.0,,,1944000000.0,,,,,372000000.0,,,Financials,11.0
STT,2022-12-31,12125000000.0,,,2774000000.0,,,,,553000000.0,,,Financials,11.0
STT,2021-12-31,12027000000.0,,,2693000000.0,,,,,478000000.0,,,Financials,11.0
STT,2020-12-31,11694000000.0,,,2420000000.0,,,,,479000000.0,,,Financials,11.0
STT,2019-12-31,,,,,,,,,,,,Financials,11.0
SRCL,2023-12-31,2659300000.0,1014600000.0,140700000.0,-21400000.0,,,,,24600000.0,,,Industrials,10.0
SRCL,2022-12-31,2704700000.0,1025600000.0,138100000.0,56000000.0,,,,,22400000.0,,,Industrials,10.0
SRCL,2021-12-31,2646900000.0,1017200000.0,70600000.0,-27800000.0,,,,,27500000.0,,,Industrials,10.0
SRCL,2020-12-31,2675500000.0,1053100000.0,155500000.0,-57300000.0,,,,,-100000.0,,,Industrials,10.0
SRCL,2019-12-31,,,,,,,,,,,,Industrials,10.0
SYK,2023-12-31,20498000000.0,13058000000.0,3906000000.0,3165000000.0,,,,,508000000.0,,,Health Care,8.0
SYK,2022-12-31,18449000000.0,11578000000.0,3042000000.0,2358000000.0,,,,,325000000.0,,,Health Care,8.0
SYK,2021-12-31,17108000000.0,10968000000.0,2687000000.0,1994000000.0,,,,,287000000.0,,,Health Care,8.0
SYK,2020-12-31,14351000000.0,9057000000.0,2240000000.0,1599000000.0,,,,,355000000.0,,,Health Care,8.0
STI,2023-12-31,0.0,,-3509621.0,-19775602.0,,,,,1579608.0,,,Financials,11.0
STI,2022-12-31,0.0,16102.0,-904193.0,593905.0,,,,,339899.0,,,Financials,11.0
STI,2021-12-31,10396.0,-10467.0,-3484515.0,-3474720.0,,,,,0.0,,,Financials,11.0
SYF,2023-12-31,13627000000.0,,,2238000000.0,,,,,666000000.0,,,Financials,11.0
SYF,2022-12-31,11674000000.0,,,3016000000.0,,,,,946000000.0,,,Financials,11.0
SYF,2021-12-31,10192000000.0,,,4221000000.0,,,,,1282000000.0,,,Financials,11.0
SYF,2020-12-31,11162000000.0,,,1385000000.0,,,,,412000000.0,,,Financials,11.0
SYF,2019-12-31,,,,,,,,,,,,Financials,11.0
SNPS,2024-10-31,6127436000.0,4882147000.0,1355711000.0,2263380000.0,,,,,99718000.0,,,Information Technology,9.0
SNPS,2023-10-31,5318014000.0,4287171000.0,1326330000.0,1229888000.0,,,,,90188000.0,,,Information Technology,9.0
SNPS,2022-10-31,4615714000.0,3717701000.0,1159935000.0,984594000.0,,,,,139385000.0,,,Information Technology,9.0
SNPS,2021-10-31,4204193000.0,3342416000.0,768195000.0,757516000.0,,,,,49155000.0,,,Information Technology,9.0
SNPS,2020-10-31,,,,,,,,,,,,Information Technology,9.0
SYY,2024-06-30,78844000000.0,14608000000.0,3202000000.0,1955000000.0,,,,,610000000.0,,,Consumer Staples,9.0
SYY,2023-06-30,76325000000.0,13955000000.0,3039000000.0,1770000000.0,,,,,515000000.0,,,Consumer Staples,9.0
SYY,2022-06-30,68636000000.0,12320000000.0,2346000000.0,1359000000.0,,,,,388000000.0,,,Consumer Staples,9.0
SYY,2021-06-30,51297843000.0,9356749000.0,1447188000.0,524209000.0,,,,,60519000.0,,,Consumer Staples,9.0
TROW,2023-12-31,6460500000.0,3206100000.0,2038000000.0,1788700000.0,,,,,654600000.0,,,Financials,11.0
TROW,2022-12-31,6488400000.0,3566000000.0,2496000000.0,1557900000.0,,,,,498600000.0,,,Financials,11.0
TROW,2021-12-31,7671900000.0,4678700000.0,3710000000.0,3082900000.0,,,,,896100000.0,,,Financials,11.0
TROW,2020-12-31,6206700000.0,3590300000.0,2745700000.0,2372700000.0,,,,,718900000.0,,,Financials,11.0
TPR,2024-06-30,6671200000.0,4889500000.0,1140100000.0,816000000.0,,,,,195900000.0,,,Consumer Discretionary,8.5
TPR,2023-06-30,6660900000.0,4714900000.0,1172400000.0,936000000.0,,,,,207100000.0,,,Consumer Discretionary,8.5
TPR,2022-06-30,6684500000.0,4650400000.0,1175800000.0,856300000.0,,,,,190700000.0,,,Consumer Discretionary,8.5
TPR,2021-06-30,5746300000.0,4081900000.0,968000000.0,834200000.0,,,,,63100000.0,,,Consumer Discretionary,8.5
TPR,2020-06-30,,,,,,,,,,,,Consumer Discretionary,8.5
TGT,2024-01-31,107412000000.0,29676000000.0,5707000000.0,4138000000.0,,,,,1159000000.0,,,Consumer Discretionary,8.5
TGT,2023-01-31,109120000000.0,26891000000.0,3848000000.0,2780000000.0,,,,,638000000.0,,,Consumer Discretionary,8.5
TGT,2022-01-31,106005000000.0,31042000000.0,8946000000.0,6946000000.0,,,,,1961000000.0,,,Consumer Discretionary,8.5
TGT,2021-01-31,93561000000.0,27384000000.0,6539000000.0,4368000000.0,,,,,1178000000.0,,,Consumer Discretionary,8.5
TGT,2020-01-31,,,,,,,,,,,,Consumer Discretionary,8.5
TEL,2024-09-30,15845000000.0,5456000000.0,2983000000.0,3193000000.0,,,,,-397000000.0,,,Information Technology,9.0
TEL,2023-09-30,16034000000.0,5055000000.0,2677000000.0,1910000000.0,,,,,364000000.0,,,Information Technology,9.0
TEL,2022-09-30,16281000000.0,5244000000.0,2942000000.0,2428000000.0,,,,,306000000.0,,,Information Technology,9.0
TEL,2021-09-30,14923000000.0,4887000000.0,2698000000.0,2261000000.0,,,,,123000000.0,,,Information Technology,9.0
TEL,2020-09-30,,,,,,,,,,,,Information Technology,9.0
FTI,2023-12-31,7824200000.0,1274100000.0,529200000.0,56200000.0,,,,,154700000.0,,,Energy,12.0
FTI,2022-12-31,6700400000.0,896300000.0,212500000.0,-107200000.0,,,,,105400000.0,,,Energy,12.0
FTI,2021-12-31,6403500000.0,823900000.0,100600000.0,13300000.0,,,,,111100000.0,,,Energy,12.0
FTI,2020-12-31,6530600000.0,694800000.0,-104600000.0,-3287600000.0,,,,,19400000.0,,,Energy,12.0
FTI,2019-12-31,,,,,,,,,,,,Energy,12.0
TXN,2023-12-31,17519000000.0,11019000000.0,7331000000.0,6510000000.0,,,,,908000000.0,,,Information Technology,9.0
TXN,2022-12-31,20028000000.0,13771000000.0,10397000000.0,8749000000.0,,,,,1283000000.0,,,Information Technology,9.0
TXN,2021-12-31,18344000000.0,12376000000.0,9156000000.0,7769000000.0,,,,,1150000000.0,,,Information Technology,9.0
TXN,2020-12-31,14461000000.0,9269000000.0,6116000000.0,5595000000.0,,,,,422000000.0,,,Information Technology,9.0
TXT,2023-12-31,13683000000.0,2278000000.0,1053000000.0,921000000.0,,,,,165000000.0,,,Industrials,10.0
TXT,2022-12-31,12869000000.0,2069000000.0,883000000.0,861000000.0,,,,,154000000.0,,,Industrials,10.0
TXT,2021-12-31,12382000000.0,2085000000.0,864000000.0,746000000.0,,,,,126000000.0,,,Industrials,10.0
TXT,2020-12-31,11651000000.0,1557000000.0,512000000.0,309000000.0,,,,,-27000000.0,,,Industrials,10.0
TXT,2019-12-31,,,,,,,,,,,,Industrials,10.0
BK,2023-12-31,17293000000.0,,,3286000000.0,,,,,800000000.0,,,Financials,11.0
BK,2022-12-31,16034000000.0,,,2573000000.0,,,,,768000000.0,,,Financials,11.0
BK,2021-12-31,15633000000.0,,,3759000000.0,,,,,877000000.0,,,Financials,11.0
BK,2020-12-31,15472000000.0,,,3617000000.0,,,,,842000000.0,,,Financials,11.0
BK,2019-12-31,,,,,,,,,,,,Financials,11.0
CLX,2024-06-30,7093000000.0,3048000000.0,894000000.0,280000000.0,,,,,106000000.0,,,Consumer Staples,9.0
CLX,2023-06-30,7389000000.0,2908000000.0,823000000.0,149000000.0,,,,,77000000.0,,,Consumer Staples,9.0
CLX,2022-06-30,7107000000.0,2545000000.0,719000000.0,462000000.0,,,,,136000000.0,,,Consumer Staples,9.0
CLX,2021-06-30,7341000000.0,3199000000.0,1225000000.0,710000000.0,,,,,181000000.0,,,Consumer Staples,9.0
CLX,2020-06-30,,,,,,,,,,,,Consumer Staples,9.0
COO,2024-10-31,3895400000.0,2595700000.0,705700000.0,392300000.0,,,,,190000000.0,,,Health Care,8.0
COO,2023-10-31,3593200000.0,2357900000.0,533100000.0,294200000.0,,,,,118700000.0,,,Health Care,8.0
COO,2022-10-31,3308400000.0,2139600000.0,507600000.0,385800000.0,,,,,89500000.0,,,Health Care,8.0
COO,2021-10-31,2922500000.0,1955800000.0,505800000.0,2944700000.0,,,,,-2453200000.0,,,Health Care,8.0
COO,2020-10-31,,,,,,,,,,,,Health Care,8.0
HSY,2023-12-31,11164992000.0,4997816000.0,2533298000.0,1861787000.0,,,,,310077000.0,,,Consumer Staples,9.0
HSY,2022-12-31,10419294000.0,4498785000.0,2244310000.0,1644817000.0,,,,,272254000.0,,,Consumer Staples,9.0
HSY,2021-12-31,8971337000.0,4048598000.0,2042070000.0,1477512000.0,,,,,314405000.0,,,Consumer Staples,9.0
HSY,2020-12-31,8149719000.0,3701269000.0,1810344000.0,1278708000.0,,,,,219584000.0,,,Consumer Staples,9.0
HSY,2019-12-31,,,,,,,,,,,,Consumer Staples,9.0
MOS,2023-12-31,13696100000.0,2210600000.0,1338100000.0,1164900000.0,,,,,177000000.0,,,Materials,9.0
MOS,2022-12-31,19125200000.0,5755800000.0,4785300000.0,3582800000.0,,,,,1224300000.0,,,Materials,9.0
MOS,2021-12-31,12357400000.0,3200300000.0,2626600000.0,1630600000.0,,,,,597700000.0,,,Materials,9.0
MOS,2020-12-31,8681700000.0,1064900000.0,412900000.0,666100000.0,,,,,-578500000.0,,,Materials,9.0
TRV,2023-12-31,41373000000.0,,,2991000000.0,,,,,380000000.0,,,Financials,11.0
TRV,2022-12-31,36896000000.0,,,2842000000.0,,,,,512000000.0,,,Financials,11.0
TRV,2021-12-31,34816000000.0,,,3662000000.0,,,,,796000000.0,,,Financials,11.0
TRV,2020-12-31,31981000000.0,,,2697000000.0,,,,,540000000.0,,,Financials,11.0
TRV,2019-12-31,,,,,,,,,,,,Financials,11.0
DIS,2024-09-30,91361000000.0,32663000000.0,11914000000.0,4972000000.0,,,,,1796000000.0,,,Consumer Discretionary,8.5
DIS,2023-09-30,88898000000.0,29697000000.0,8992000000.0,2354000000.0,,,,,1379000000.0,,,Consumer Discretionary,8.5
DIS,2022-09-30,82722000000.0,28321000000.0,6770000000.0,3145000000.0,,,,,1732000000.0,,,Consumer Discretionary,8.5
DIS,2021-09-30,67418000000.0,22287000000.0,3659000000.0,1995000000.0,,,,,25000000.0,,,Consumer Discretionary,8.5
DIS,2020-09-30,,,,,,,,,,,,Consumer Discretionary,8.5
TMO,2023-12-31,42857000000.0,17100000000.0,7318000000.0,5995000000.0,,,,,284000000.0,,,Health Care,8.0
TMO,2022-12-31,44915000000.0,18971000000.0,8507000000.0,6950000000.0,,,,,703000000.0,,,Health Care,8.0
TMO,2021-12-31,39211000000.0,19638000000.0,10225000000.0,7725000000.0,,,,,1109000000.0,,,Health Care,8.0
TMO,2020-12-31,32218000000.0,16004000000.0,7893000000.0,6375000000.0,,,,,850000000.0,,,Health Care,8.0
TJX,2024-01-31,54217000000.0,16266000000.0,5797000000.0,4474000000.0,,,,,1493000000.0,,,Consumer Discretionary,8.5
TJX,2023-01-31,49936000000.0,13787000000.0,4860000000.0,3498000000.0,,,,,1138000000.0,,,Consumer Discretionary,8.5
TJX,2022-01-31,48550000000.0,13836000000.0,4755000000.0,3283000000.0,,,,,1115000000.0,,,Consumer Discretionary,8.5
TJX,2021-01-31,32137000000.0,7603000000.0,582000000.0,90000000.0,,,,,-1000000.0,,,Consumer Discretionary,8.5
TJX,2020-01-31,,,,,,,,,,,,Consumer Discretionary,8.5
TSCO,2023-12-31,14555741000.0,5228219000.0,1478912000.0,1107226000.0,,,,,325176000.0,,,Consumer Discretionary,8.5
TSCO,2022-12-31,14204717000.0,4972204000.0,1434943000.0,1088712000.0,,,,,315598000.0,,,Consumer Discretionary,8.5
TSCO,2021-12-31,12731105000.0,4477153000.0,1306698000.0,997114000.0,,,,,282974000.0,,,Consumer Discretionary,8.5
TSCO,2020-12-31,10620352000.0,3761549000.0,1065901000.0,748958000.0,,,,,219189000.0,,,Consumer Discretionary,8.5
TSCO,2019-12-31,,,,,,,,,,,,Consumer Discretionary,8.5
TDG,2024-09-30,7940000000.0,4672000000.0,3580000000.0,1714000000.0,,,,,500000000.0,,,Industrials,10.0
TDG,2023-09-30,6585000000.0,3842000000.0,2933000000.0,1298000000.0,,,,,417000000.0,,,Industrials,10.0
TDG,2022-09-30,5429000000.0,3099000000.0,2215000000.0,866000000.0,,,,,261000000.0,,,Industrials,10.0
TDG,2021-09-30,4798000000.0,2513000000.0,1691000000.0,680000000.0,,,,,34000000.0,,,Industrials,10.0
TDG,2020-09-30,,,,,,,,,,,,Industrials,10.0
TRIP,2023-12-31,1788000000.0,1639000000.0,148000000.0,10000000.0,,,,,115000000.0,,,Consumer Discretionary,8.5
TRIP,2022-12-31,1492000000.0,1376000000.0,101000000.0,20000000.0,,,,,47000000.0,,,Consumer Discretionary,8.5
TRIP,2021-12-31,902000000.0,828000000.0,-131000000.0,-148000000.0,,,,,-37000000.0,,,Consumer Discretionary,8.5
TRIP,2020-12-31,604000000.0,549000000.0,-285000000.0,-289000000.0,,,,,-80000000.0,,,Consumer Discretionary,8.5
TRIP,2019-12-31,,,,,,,,,,,,Consumer Discretionary,8.5
FOXA,2024-06-30,13980000000.0,,2478000000.0,1501000000.0,,,,,550000000.0,,,Consumer Discretionary,8.5
FOXA,2023-06-30,14913000000.0,,2764000000.0,1239000000.0,,,,,483000000.0,,,Consumer Discretionary,8.5
FOXA,2022-06-30,13974000000.0,,2574000000.0,1205000000.0,,,,,461000000.0,,,Consumer Discretionary,8.5
FOXA,2021-06-30,12909000000.0,,2765000000.0,2150000000.0,,,,,717000000.0,,,Consumer Discretionary,8.5
FOXA,2020-06-30,,,,,,,,,,,,Consumer Discretionary,8.5
FOX,2024-06-30,13980000000.0,,2478000000.0,1501000000.0,,,,,550000000.0,,,Consumer Discretionary,8.5
FOX,2023-06-30,14913000000.0,,2764000000.0,1239000000.0,,,,,483000000.0,,,Consumer Discretionary,8.5
FOX,2022-06-30,13974000000.0,,2574000000.0,1205000000.0,,,,,461000000.0,,,Consumer Discretionary,8.5
FOX,2021-06-30,12909000000.0,,2765000000.0,2150000000.0,,,,,717000000.0,,,Consumer Discretionary,8.5
FOX,2020-06-30,,,,,,,,,,,,Consumer Discretionary,8.5
TSN,2024-09-30,53309000000.0,3627000000.0,1409000000.0,800000000.0,,,,,270000000.0,,,Consumer Staples,9.0
TSN,2023-09-30,52881000000.0,2631000000.0,386000000.0,-648000000.0,,,,,-29000000.0,,,Consumer Staples,9.0
TSN,2022-09-30,53282000000.0,6668000000.0,4410000000.0,3238000000.0,,,,,900000000.0,,,Consumer Staples,9.0
TSN,2021-09-30,47049000000.0,6526000000.0,4396000000.0,3047000000.0,,,,,981000000.0,,,Consumer Staples,9.0
USB,2023-12-31,28013000000.0,,,5429000000.0,,,,,1407000000.0,,,Financials,11.0
USB,2022-12-31,24184000000.0,,,5825000000.0,,,,,1463000000.0,,,Financials,11.0
USB,2021-12-31,22721000000.0,,,7963000000.0,,,,,2181000000.0,,,Financials,11.0
USB,2020-12-31,23226000000.0,,,4959000000.0,,,,,1066000000.0,,,Financials,11.0
USB,2019-12-31,,,,,,,,,,,,Financials,11.0
UDR,2023-12-31,1627501000.0,392523000.0,286953000.0,444353000.0,,,,,2106000.0,,,Real Estate,9.5
UDR,2022-12-31,1517386000.0,331034000.0,235053000.0,86924000.0,,,,,349000.0,,,Real Estate,9.5
UDR,2021-12-31,1290767000.0,228039000.0,135664000.0,150016000.0,,,,,1439000.0,,,Real Estate,9.5
UDR,2020-12-31,1241165000.0,214617000.0,131957000.0,64266000.0,,,,,2545000.0,,,Real Estate,9.5
UDR,2019-12-31,,,,,,,,,,,,Real Estate,9.5
ULTA,2024-01-31,11207303000.0,4381100000.0,1686539000.0,1291005000.0,,,,,404646000.0,,,Consumer Discretionary,8.5
ULTA,2023-01-31,10208580000.0,4044510000.0,1649211000.0,1242408000.0,,,,,401136000.0,,,Consumer Discretionary,8.5
ULTA,2022-01-31,8630889000.0,3368554000.0,1307009000.0,985837000.0,,,,,309992000.0,,,Consumer Discretionary,8.5
ULTA,2021-01-31,6151953000.0,1949159000.0,366142000.0,175835000.0,,,,,55250000.0,,,Consumer Discretionary,8.5
ULTA,2020-01-31,,,,,,,,,,,,Consumer Discretionary,8.5
UAA,2024-03-31,5701879000.0,2630253000.0,229751000.0,232042000.0,,,,,30006000.0,,,Consumer Discretionary,8.5
UAA,2023-03-31,5903165000.0,2643831000.0,263586000.0,374459000.0,,,,,-108645000.0,,,Consumer Discretionary,8.5
UAA,2021-12-31,5683466000.0,2861499000.0,526808000.0,360060000.0,,,,,32072000.0,,,Consumer Discretionary,8.5
UAA,2020-12-31,4474667000.0,2160095000.0,-11839000.0,-549177000.0,,,,,49387000.0,,,Consumer Discretionary,8.5
UAA,2019-12-31,,,,,,,,,,,,Consumer Discretionary,8.5
UA,2024-03-31,5701879000.0,2630253000.0,229751000.0,232042000.0,,,,,30006000.0,,,Consumer Discretionary,8.5
UA,2023-03-31,5903165000.0,2643831000.0,263586000.0,374459000.0,,,,,-108645000.0,,,Consumer Discretionary,8.5
UA,2021-12-31,5683466000.0,2861499000.0,526808000.0,360060000.0,,,,,32072000.0,,,Consumer Discretionary,8.5
UA,2020-12-31,4474667000.0,2160095000.0,-11839000.0,-549177000.0,,,,,49387000.0,,,Consumer Discretionary,8.5
UA,2019-12-31,,,,,,,,,,,,Consumer Discretionary,8.5
UNP,2023-12-31,24119000000.0,10529000000.0,9082000000.0,6379000000.0,,,,,1854000000.0,,,Industrials,10.0
UNP,2022-12-31,24875000000.0,11205000000.0,9917000000.0,6998000000.0,,,,,2074000000.0,,,Industrials,10.0
UNP,2021-12-31,21804000000.0,10514000000.0,9338000000.0,6523000000.0,,,,,1955000000.0,,,Industrials,10.0
UNP,2020-12-31,19533000000.0,9179000000.0,7834000000.0,5349000000.0,,,,,1631000000.0,,,Industrials,10.0
UNP,2019-12-31,,,,,,,,,,,,Industrials,10.0
UAL,2023-12-31,53717000000.0,15199000000.0,5160000000.0,2618000000.0,,,,,769000000.0,,,Industrials,10.0
UAL,2022-12-31,44955000000.0,10640000000.0,2477000000.0,737000000.0,,,,,253000000.0,,,Industrials,10.0
UAL,2021-12-31,24634000000.0,721000000.0,-368000000.0,-1964000000.0,,,,,-593000000.0,,,Industrials,10.0
UAL,2020-12-31,15355000000.0,-5030000000.0,-5439000000.0,-7069000000.0,,,,,-1753000000.0,,,Industrials,10.0
UAL,2019-12-31,,,,,,,,,,,,Industrials,10.0
UNH,2023-12-31,367533000000.0,86869000000.0,28269000000.0,22381000000.0,,,,,5968000000.0,,,Health Care,8.0
UNH,2022-12-31,322132000000.0,77587000000.0,26405000000.0,20120000000.0,,,,,5704000000.0,,,Health Care,8.0
UNH,2021-12-31,285273000000.0,67328000000.0,21646000000.0,17285000000.0,,,,,4578000000.0,,,Health Care,8.0
UNH,2020-12-31,255639000000.0,65498000000.0,20903000000.0,15403000000.0,,,,,4973000000.0,,,Health Care,8.0
UPS,2023-12-31,90958000000.0,17231000000.0,9141000000.0,6708000000.0,,,,,1865000000.0,,,Industrials,10.0
UPS,2022-12-31,100338000000.0,21009000000.0,13094000000.0,11548000000.0,,,,,3277000000.0,,,Industrials,10.0
UPS,2021-12-31,97287000000.0,20280000000.0,12810000000.0,12890000000.0,,,,,3705000000.0,,,Industrials,10.0
UPS,2020-12-31,84628000000.0,15284000000.0,7684000000.0,1343000000.0,,,,,501000000.0,,,Industrials,10.0
URI,2023-12-31,14332000000.0,5813000000.0,3855000000.0,2424000000.0,,,,,787000000.0,,,Industrials,10.0
URI,2022-12-31,11642000000.0,4996000000.0,3232000000.0,2105000000.0,,,,,697000000.0,,,Industrials,10.0
URI,2021-12-31,9716000000.0,3853000000.0,2282000000.0,1386000000.0,,,,,460000000.0,,,Industrials,10.0
URI,2020-12-31,8530000000.0,3183000000.0,1817000000.0,890000000.0,,,,,249000000.0,,,Industrials,10.0
URI,2019-12-31,,,,,,,,,,,,Industrials,10.0
UHS,2023-12-31,14281976000.0,12749148000.0,1175381000.0,717795000.0,,,,,221119000.0,,,Health Care,8.0
UHS,2022-12-31,13399370000.0,11925031000.0,1003555000.0,675609000.0,,,,,209278000.0,,,Health Care,8.0
UHS,2021-12-31,12642117000.0,11214983000.0,1363094000.0,991590000.0,,,,,305681000.0,,,Health Care,8.0
UHS,2020-12-31,11558897000.0,10270765000.0,1358354000.0,943953000.0,,,,,299293000.0,,,Health Care,8.0
UHS,2019-12-31,,,,,,,,,,,,Health Care,8.0
UNM,2023-12-31,12308700000.0,,,1283800000.0,,,,,356300000.0,,,Financials,11.0
UNM,2022-12-31,11875000000.0,,,1407200000.0,,,,,342800000.0,,,Financials,11.0
UNM,2021-12-31,11837700000.0,,,981000000.0,,,,,279600000.0,,,Financials,11.0
UNM,2020-12-31,13146900000.0,,,793000000.0,,,,,171000000.0,,,Financials,11.0
UNM,2019-12-31,,,,,,,,,,,,Financials,11.0
VFC,2024-03-31,10454667000.0,5437222000.0,473504000.0,-968882000.0,,,,,735197000.0,,,Consumer Discretionary,8.5
VFC,2023-03-31,11612475000.0,6096679000.0,1062702000.0,118584000.0,,,,,-75297000.0,,,Consumer Discretionary,8.5
VFC,2022-03-31,11841840000.0,6455447000.0,1632204000.0,1386941000.0,,,,,306981000.0,,,Consumer Discretionary,8.5
VFC,2021-03-31,9238830000.0,4868050000.0,627992000.0,407869000.0,,,,,101566000.0,,,Consumer Discretionary,8.5
VFC,2020-03-31,,,,,,,,,,,,Consumer Discretionary,8.5
VLO,2023-12-31,144766000000.0,12889000000.0,11858000000.0,8835000000.0,,,,,2619000000.0,,,Energy,12.0
VLO,2022-12-31,176383000000.0,16751000000.0,15693000000.0,11528000000.0,,,,,3428000000.0,,,Energy,12.0
VLO,2021-12-31,113977000000.0,3082000000.0,2130000000.0,930000000.0,,,,,255000000.0,,,Energy,12.0
VLO,2020-12-31,64912000000.0,-788000000.0,-1579000000.0,-1421000000.0,,,,,-903000000.0,,,Energy,12.0
VLO,2019-12-31,,,,,,,,,,,,Energy,12.0
VTR,2023-12-31,4497827000.0,1936581000.0,415514000.0,-40973000.0,,,,,-9539000.0,,,Real Estate,9.5
VTR,2022-12-31,4129193000.0,1846275000.0,483846000.0,-47447000.0,,,,,-16926000.0,,,Real Estate,9.5
VTR,2021-12-31,3828007000.0,1739510000.0,421431000.0,49008000.0,,,,,4827000.0,,,Real Estate,9.5
VTR,2020-12-31,3795357000.0,1855599000.0,591440000.0,439149000.0,,,,,-96534000.0,,,Real Estate,9.5
VTR,2019-12-31,,,,,,,,,,,,Real Estate,9.5
VRSN,2023-12-31,1493100000.0,1295800000.0,1000600000.0,817600000.0,,,,,158900000.0,,,Information Technology,9.0
VRSN,2022-12-31,1424900000.0,1224200000.0,943100000.0,673800000.0,,,,,206400000.0,,,Information Technology,9.0
VRSN,2021-12-31,1327600000.0,1135700000.0,866800000.0,784800000.0,,,,,-2600000.0,,,Information Technology,9.0
VRSN,2020-12-31,1265052000.0,1084875000.0,824201000.0,814888000.0,,,,,-64644000.0,,,Information Technology,9.0
VRSN,2019-12-31,,,,,,,,,,,,Information Technology,9.0
VRSK,2023-12-31,2681400000.0,1804900000.0,1131700000.0,614400000.0,,,,,258800000.0,,,Industrials,10.0
VRSK,2022-12-31,2497000000.0,1672400000.0,1406500000.0,954300000.0,,,,,220300000.0,,,Industrials,10.0
VRSK,2021-12-31,2462500000.0,1608800000.0,911400000.0,666300000.0,,,,,179400000.0,,,Industrials,10.0
VRSK,2020-12-31,2269400000.0,1477700000.0,956300000.0,712700000.0,,,,,164600000.0,,,Industrials,10.0
VRSK,2019-12-31,,,,,,,,,,,,Industrials,10.0
VZ,2023-12-31,133974000000.0,79087000000.0,28718000000.0,11614000000.0,,,,,4892000000.0,,,Telecommunication Services,9.5
VZ,2022-12-31,136835000000.0,77702000000.0,30467000000.0,21256000000.0,,,,,6523000000.0,,,Telecommunication Services,9.5
VZ,2021-12-31,133613000000.0,77312000000.0,32448000000.0,22065000000.0,,,,,6802000000.0,,,Telecommunication Services,9.5
VZ,2020-12-31,128292000000.0,77091000000.0,28798000000.0,17801000000.0,,,,,5619000000.0,,,Telecommunication Services,9.5
VZ,2019-12-31,,,,,,,,,,,,Telecommunication Services,9.5
VRTX,2023-12-31,9869200000.0,8607000000.0,4307500000.0,3619600000.0,,,,,760200000.0,,,Health Care,8.0
VRTX,2022-12-31,8930700000.0,7850400000.0,4365400000.0,3322000000.0,,,,,910400000.0,,,Health Care,8.0
VRTX,2021-12-31,7574400000.0,6670200000.0,3892300000.0,2342100000.0,,,,,388300000.0,,,Health Care,8.0
VRTX,2020-12-31,6205700000.0,5469400000.0,2869400000.0,2711700000.0,,,,,405200000.0,,,Health Care,8.0
VRTX,2019-12-31,,,,,,,,,,,,Health Care,8.0
V,2024-09-30,35926000000.0,28884000000.0,24057000000.0,19743000000.0,,,,,4173000000.0,,,Information Technology,9.0
V,2023-09-30,32653000000.0,26086000000.0,21927000000.0,17273000000.0,,,,,3764000000.0,,,Information Technology,9.0
V,2022-09-30,29310000000.0,23577000000.0,19681000000.0,14957000000.0,,,,,3179000000.0,,,Information Technology,9.0
V,2021-09-30,24105000000.0,19135000000.0,15807000000.0,12311000000.0,,,,,3752000000.0,,,Information Technology,9.0
VNO,2023-12-31,1811163000.0,906005000.0,300580000.0,105494000.0,,,,,29222000.0,,,Real Estate,9.5
VNO,2022-12-31,1799995000.0,926084000.0,287851000.0,-346499000.0,,,,,21660000.0,,,Real Estate,9.5
VNO,2021-12-31,1589210000.0,791895000.0,245003000.0,175999000.0,,,,,-10496000.0,,,Real Estate,9.5
VNO,2020-12-31,1527951000.0,738885000.0,144312000.0,-297005000.0,,,,,36630000.0,,,Real Estate,9.5
VNO,2019-12-31,,,,,,,,,,,,Real Estate,9.5
VMC,2023-12-31,7781900000.0,1948500000.0,1379300000.0,933200000.0,,,,,299400000.0,,,Materials,9.0
VMC,2022-12-31,7315200000.0,1557700000.0,1008600000.0,575600000.0,,,,,193000000.0,,,Materials,9.0
VMC,2021-12-31,5552200000.0,1373400000.0,895300000.0,670800000.0,,,,,200100000.0,,,Materials,9.0
VMC,2020-12-31,4856800000.0,1281500000.0,891700000.0,584500000.0,,,,,155800000.0,,,Materials,9.0
WMT,2024-01-31,648125000000.0,157983000000.0,27012000000.0,15511000000.0,,,,,5578000000.0,,,Consumer Staples,9.0
WMT,2023-01-31,611289000000.0,147568000000.0,20428000000.0,11680000000.0,,,,,5724000000.0,,,Consumer Staples,9.0
WMT,2022-01-31,572754000000.0,143754000000.0,25942000000.0,13673000000.0,,,,,4756000000.0,,,Consumer Staples,9.0
WMT,2021-01-31,559151000000.0,138836000000.0,22548000000.0,13510000000.0,,,,,6858000000.0,,,Consumer Staples,9.0
WBA,2024-08-31,147658000000.0,26524000000.0,-1589000000.0,-8636000000.0,,,,,1246000000.0,,,Consumer Staples,9.0
WBA,2023-08-31,139081000000.0,27072000000.0,-7133000000.0,-3080000000.0,,,,,-1858000000.0,,,Consumer Staples,9.0
WBA,2022-08-31,132703000000.0,28265000000.0,970000000.0,4337000000.0,,,,,-30000000.0,,,Consumer Staples,9.0
WBA,2021-08-31,132509000000.0,28067000000.0,3481000000.0,2542000000.0,,,,,667000000.0,,,Consumer Staples,9.0
WBA,2020-08-31,,,,,,,,,,,,Consumer Staples,9.0
WM,2023-12-31,20426000000.0,7820000000.0,3823000000.0,2304000000.0,,,,,745000000.0,,,Industrials,10.0
WM,2022-12-31,19698000000.0,7404000000.0,3428000000.0,2238000000.0,,,,,678000000.0,,,Industrials,10.0
WM,2021-12-31,17931000000.0,6820000000.0,2957000000.0,1816000000.0,,,,,532000000.0,,,Industrials,10.0
WM,2020-12-31,15218000000.0,5877000000.0,2478000000.0,1496000000.0,,,,,397000000.0,,,Industrials,10.0
WM,2019-12-31,,,,,,,,,,,,Industrials,10.0
WAT,2023-12-31,2956416000.0,1761193000.0,817676000.0,642234000.0,,,,,94009000.0,,,Health Care,8.0
WAT,2022-12-31,2971956000.0,1723774000.0,883192000.0,707755000.0,,,,,130091000.0,,,Health Care,8.0
WAT,2021-12-31,2785874000.0,1629341000.0,826872000.0,692843000.0,,,,,113350000.0,,,Health Care,8.0
WAT,2020-12-31,2365365000.0,1358676000.0,653614000.0,521571000.0,,,,,89343000.0,,,Health Care,8.0
WAT,2019-12-31,,,,,,,,,,,,Health Care,8.0
WEC,2023-12-31,8893000000.0,3601300000.0,2086900000.0,1332900000.0,,,,,204600000.0,,,Utilities,10.0
WEC,2022-12-31,9597400000.0,3300500000.0,1924200000.0,1409300000.0,,,,,322900000.0,,,Utilities,10.0
WEC,2021-12-31,8316000000.0,2999500000.0,1714900000.0,1301500000.0,,,,,200300000.0,,,Utilities,10.0
WEC,2020-12-31,7241700000.0,2890000000.0,1706100000.0,1201100000.0,,,,,227900000.0,,,Utilities,10.0
WFC,2023-12-31,82597000000.0,,,19142000000.0,,,,,2607000000.0,,,Financials,11.0
WFC,2022-12-31,74368000000.0,,,13677000000.0,,,,,2251000000.0,,,Financials,11.0
WFC,2021-12-31,79166000000.0,,,22109000000.0,,,,,5764000000.0,,,Financials,11.0
WFC,2020-12-31,74264000000.0,,,3377000000.0,,,,,-1157000000.0,,,Financials,11.0
WFC,2019-12-31,,,,,,,,,,,,Financials,11.0
WDC,2024-06-30,13003000000.0,2945000000.0,210000000.0,-798000000.0,,,,,137000000.0,,,Information Technology,9.0
WDC,2023-06-30,12318000000.0,1887000000.0,-1092000000.0,-1684000000.0,,,,,134000000.0,,,Information Technology,9.0
WDC,2022-06-30,18793000000.0,5874000000.0,2434000000.0,1546000000.0,,,,,625000000.0,,,Information Technology,9.0
WDC,2021-06-30,16922000000.0,4521000000.0,1173000000.0,821000000.0,,,,,106000000.0,,,Information Technology,9.0
WDC,2020-06-30,,,,,,,,,,,,Information Technology,9.0
WU,2023-12-31,4357000000.0,1685300000.0,817500000.0,626000000.0,,,,,119800000.0,,,Information Technology,9.0
WU,2022-12-31,4475500000.0,1849100000.0,884900000.0,910600000.0,,,,,98000000.0,,,Information Technology,9.0
WU,2021-12-31,5070800000.0,2174400000.0,1123100000.0,805800000.0,,,,,129600000.0,,,Information Technology,9.0
WU,2020-12-31,4835000000.0,2008500000.0,967300000.0,744300000.0,,,,,110800000.0,,,Information Technology,9.0
WU,2019-12-31,,,,,,,,,,,,Information Technology,9.0
WY,2023-12-31,7674000000.0,1682000000.0,1127000000.0,839000000.0,,,,,98000000.0,,,Real Estate,9.5
WY,2022-12-31,10184000000.0,3620000000.0,3099000000.0,1880000000.0,,,,,425000000.0,,,Real Estate,9.5
WY,2021-12-31,10201000000.0,4098000000.0,3577000000.0,2607000000.0,,,,,709000000.0,,,Real Estate,9.5
WY,2020-12-31,7532000000.0,2085000000.0,1623000000.0,797000000.0,,,,,185000000.0,,,Real Estate,9.5
WY,2019-12-31,,,,,,,,,,,,Real Estate,9.5
WHR,2023-12-31,19455000000.0,3170000000.0,1137000000.0,481000000.0,,,,,77000000.0,,,Consumer Discretionary,8.5
WHR,2022-12-31,19724000000.0,3073000000.0,1218000000.0,-1519000000.0,,,,,265000000.0,,,Consumer Discretionary,8.5
WHR,2021-12-31,21985000000.0,4409000000.0,2281000000.0,1783000000.0,,,,,518000000.0,,,Consumer Discretionary,8.5
WHR,2020-12-31,19456000000.0,3842000000.0,1903000000.0,1075000000.0,,,,,382000000.0,,,Consumer Discretionary,8.5
WHR,2019-12-31,,,,,,,,,,,,Consumer Discretionary,8.5
WMB,2023-12-31,10907000000.0,6801000000.0,4182000000.0,3179000000.0,,,,,1005000000.0,,,Energy,12.0
WMB,2022-12-31,10965000000.0,5499000000.0,3018000000.0,2049000000.0,,,,,425000000.0,,,Energy,12.0
WMB,2021-12-31,10627000000.0,4753000000.0,2631000000.0,1517000000.0,,,,,511000000.0,,,Energy,12.0
WMB,2020-12-31,7719000000.0,4385000000.0,2571000000.0,211000000.0,,,,,79000000.0,,,Energy,12.0
WMB,2019-12-31,,,,,,,,,,,,Energy,12.0
WYNN,2023-12-31,6531897000.0,2823334000.0,1075006000.0,729994000.0,,,,,-496834000.0,,,Consumer Discretionary,8.5
WYNN,2022-12-31,3756825000.0,1366603000.0,-148870000.0,-423856000.0,,,,,9332000.0,,,Consumer Discretionary,8.5
WYNN,2021-12-31,3763664000.0,1205083000.0,-336958000.0,-755786000.0,,,,,474000.0,,,Consumer Discretionary,8.5
WYNN,2020-12-31,2095861000.0,352642000.0,-1158084000.0,-2067245000.0,,,,,564671000.0,,,Consumer Discretionary,8.5
WYNN,2019-12-31,,,,,,,,,,,,Consumer Discretionary,8.5
XEL,2023-12-31,14206000000.0,5979000000.0,2588000000.0,1771000000.0,,,,,-146000000.0,,,Utilities,10.0
XEL,2022-12-31,15310000000.0,5860000000.0,2428000000.0,1736000000.0,,,,,-135000000.0,,,Utilities,10.0
XEL,2021-12-31,13431000000.0,5258000000.0,2203000000.0,1597000000.0,,,,,-70000000.0,,,Utilities,10.0
XEL,2020-12-31,11526000000.0,4964000000.0,2116000000.0,1473000000.0,,,,,-6000000.0,,,Utilities,10.0
XEL,2019-12-31,,,,,,,,,,,,Utilities,10.0
XRX,2023-12-31,6886000000.0,2314000000.0,353000000.0,1000000.0,,,,,-29000000.0,,,Information Technology,9.0
XRX,2022-12-31,7107000000.0,2318000000.0,212000000.0,-322000000.0,,,,,-3000000.0,,,Information Technology,9.0
XRX,2021-12-31,7038000000.0,2403000000.0,320000000.0,-455000000.0,,,,,-17000000.0,,,Information Technology,9.0
XRX,2020-12-31,7022000000.0,2626000000.0,417000000.0,192000000.0,,,,,64000000.0,,,Information Technology,9.0
XRX,2019-12-31,,,,,,,,,,,,Information Technology,9.0
XYL,2023-12-31,7364000000.0,2717000000.0,728000000.0,609000000.0,,,,,26000000.0,,,Industrials,10.0
XYL,2022-12-31,5522000000.0,2084000000.0,511000000.0,355000000.0,,,,,85000000.0,,,Industrials,10.0
XYL,2021-12-31,5195000000.0,1975000000.0,592000000.0,427000000.0,,,,,84000000.0,,,Industrials,10.0
XYL,2020-12-31,4876000000.0,1830000000.0,500000000.0,254000000.0,,,,,31000000.0,,,Industrials,10.0
XYL,2019-12-31,,,,,,,,,,,,Industrials,10.0
YUM,2023-12-31,7076000000.0,3496000000.0,2303000000.0,1597000000.0,,,,,221000000.0,,,Consumer Discretionary,8.5
YUM,2022-12-31,6842000000.0,3307000000.0,2167000000.0,1325000000.0,,,,,337000000.0,,,Consumer Discretionary,8.5
YUM,2021-12-31,6584000000.0,3166000000.0,2106000000.0,1575000000.0,,,,,99000000.0,,,Consumer Discretionary,8.5
YUM,2020-12-31,5652000000.0,2687000000.0,1623000000.0,904000000.0,,,,,116000000.0,,,Consumer Discretionary,8.5
YUM,2019-12-31,,,,,,,,,,,,Consumer Discretionary,8.5
ZBH,2023-12-31,7394200000.0,5310400000.0,1451300000.0,1024000000.0,,,,,42200000.0,,,Health Care,8.0
ZBH,2022-12-31,6939900000.0,4920400000.0,1192100000.0,231400000.0,,,,,112300000.0,,,Health Care,8.0
ZBH,2021-12-31,6827300000.0,4866900000.0,1005400000.0,401600000.0,,,,,53500000.0,,,Health Care,8.0
ZBH,2020-12-31,6127500000.0,4303200000.0,704700000.0,-138900000.0,,,,,-96000000.0,,,Health Care,8.0
ZBH,2019-12-31,,,,,,,,,,,,Health Care,8.0
ZION,2023-12-31,3115000000.0,,,680000000.0,,,,,206000000.0,,,Financials,11.0
ZION,2022-12-31,3152000000.0,,,907000000.0,,,,,245000000.0,,,Financials,11.0
ZION,2021-12-31,2911000000.0,,,1129000000.0,,,,,317000000.0,,,Financials,11.0
ZION,2020-12-31,2790000000.0,,,539000000.0,,,,,133000000.0,,,Financials,11.0
ZTS,2023-12-31,8544000000.0,5983000000.0,3069000000.0,2344000000.0,,,,,596000000.0,,,Health Care,8.0
ZTS,2022-12-31,8080000000.0,5626000000.0,2928000000.0,2114000000.0,,,,,545000000.0,,,Health Care,8.0
ZTS,2021-12-31,7776000000.0,5473000000.0,2803000000.0,2037000000.0,,,,,454000000.0,,,Health Care,8.0
ZTS,2020-12-31,6675000000.0,4618000000.0,2269000000.0,1638000000.0,,,,,360000000.0,,,Health Care,8.0
