Symbol,Date,Total_Revenue,Gross_Profit,Operating_Income,Net_Income,EPS,Cost_of_Revenue,R&D_Expenses,SG&A_Expenses,Tax_Provision,Operating_Expenses,Market_Price,Industry,Discount_Rate
MMM,2023-12-31,0.05042391513982642,0.11404456412412392,0.1328669496410418,0.12862061650429985,,,,,0.15191759692557055,,,5,10.0
MMM,2022-12-31,0.05281234329797493,0.11826469195195546,0.21965885867002044,0.23282909874186125,,,,,0.23826828056782828,,,5,10.0
MMM,2021-12-31,0.054549662487945995,0.12658254793543683,0.24116360111093643,0.23400401429480588,,,,,0.25586259182766463,,,5,10.0
MMM,2020-12-31,0.049657087753134044,0.12136193583064142,0.23725305245506473,0.23015290220459847,,,,,0.2572220334108912,,,5,10.0
AOS,2023-12-31,0.0059445323047251685,0.04635648106264202,0.1978554210553896,0.1902351462933046,,,,,0.22689341455125353,,,5,10.0
AOS,2022-12-31,0.005791938283510125,0.045530549361659095,0.19720890321228318,0.18761687962011062,,,,,0.22195498156910928,,,5,10.0
AOS,2021-12-31,0.005460212150433944,0.04543103310645046,0.1968866268406435,0.18966808635629312,,,,,0.22588951922825545,,,5,10.0
AOS,2020-12-31,0.004467193828351012,0.04435231947378784,0.1958280930671278,0.18850785724776029,,,,,0.22485686648715064,,,5,10.0
ABT,2023-12-31,0.06188466730954677,0.15624584240243947,0.23532725462453494,0.232388505409507,,,,,0.24686936289247338,,,4,8.0
ABT,2022-12-31,0.06735274831243973,0.16889558243617922,0.24766808153854217,0.24226105970855566,,,,,0.2581631852762019,,,4,8.0
ABT,2021-12-31,0.0664609450337512,0.16903926900787083,0.2480807525022271,0.24338702044679425,,,,,0.252071841259052,,,4,8.0
ABT,2020-12-31,0.05339710703953713,0.14278720018732471,0.2279843316040455,0.22236908666634028,,,,,0.23526182322030795,,,4,8.0
ABBV,2023-12-31,0.08380790742526519,0.21887722248535196,0.27645679400513545,0.22537164863497655,,,,,0.2582677577056809,,,4,8.0
ABBV,2022-12-31,0.08957222757955641,0.25472968298484905,0.3115665775821412,0.2822653024591635,,,,,0.2649342500849651,,,4,8.0
ABBV,2021-12-31,0.08670703953712633,0.24467694469131335,0.3103023633600587,0.2798665165385682,,,,,0.2599147734699746,,,4,8.0
ABBV,2020-12-31,0.07067155255544841,0.200325689562501,0.2673256301420112,0.22335634209624514,,,,,0.19026953543698202,,,4,8.0
ACN,2024-08-31,0.10012954908389585,0.15107481280832744,0.25575018995964993,0.2449681548930337,,,,,0.28187827769208645,,,6,9.0
ACN,2023-08-31,0.09891879652844744,0.1487826926863535,0.25060190352669914,0.2417597379285586,,,,,0.2781051998640558,,,6,9.0
ACN,2022-08-31,0.0950346075216972,0.14330095418527053,0.25425235156945974,0.2418055269985803,,,,,0.27997194844579226,,,6,9.0
ACN,2021-08-31,0.07796858476374156,0.12554017104023757,0.24281775009170467,0.23388822799889034,,,,,0.2685569266162976,,,6,9.0
AYI,2024-08-31,0.005926325940212151,0.04793650117876206,0.1965184981397055,0.18914182209820335,,,,,0.22556273038613367,,,5,10.0
AYI,2023-08-31,0.006097897782063645,0.04757196302465555,0.1961713305035896,0.18851683229712307,,,,,0.2249013097696792,,,5,10.0
AYI,2022-08-31,0.00618106075216972,0.04735643316711813,0.19623290363150447,0.18882687945692792,,,,,0.22514182635748084,,,5,10.0
AYI,2021-08-31,0.005340019286403086,0.04630432815884284,0.19571673741026044,0.18819291460648485,,,,,0.22461896421008598,,,5,10.0
ADBE,2023-11-30,0.029946383799421408,0.12921680174978314,0.23645391185872244,0.2299815603531274,,,,,0.25811089906146245,,,6,9.0
ADBE,2022-11-30,0.02716451301832208,0.12062753779755095,0.2328381281769114,0.22449862110605243,,,,,0.2549998692844631,,,6,9.0
ADBE,2021-11-30,0.02435486981677917,0.11253319425892319,0.2308992296808678,0.22503712406781873,,,,,0.24535306266502835,,,6,9.0
ADBE,2020-11-30,0.019854194792671167,0.09777072944882895,0.22064795891631295,0.22861082554135864,,,,,0.1939295704687459,,,6,9.0
AAP,2023-12-31,0.017415787078109934,0.06252761709125161,0.1936434064350469,0.1859363832182895,,,,,0.22232391310031108,,,0,8.5
AAP,2022-12-31,0.01721075718418515,0.06470278166559346,0.1972845792066237,0.18948289029226023,,,,,0.22592768816501527,,,0,8.5
AAP,2021-12-31,0.016968931918997107,0.06465869117498363,0.19828096342294188,0.19056163411171487,,,,,0.22712812736921908,,,0,8.5
AAP,2020-12-31,0.01559316644165863,0.06230470067958427,0.19780633941204215,0.1897163965992722,,,,,0.2263991529633212,,,0,8.5
AMD,2023-12-31,0.03499324975891996,0.0941200261828864,0.19552088246082902,0.19266167327556663,,,,,0.21322318370761548,,,6,9.0
AMD,2022-12-31,0.03641427193828351,0.09488103284036423,0.20117381963003722,0.196463830551068,,,,,0.21907923975843765,,,6,9.0
AMD,2021-12-31,0.02535621986499518,0.0806507405180167,0.21678981292249647,0.2114929586658181,,,,,0.23568011293822383,,,6,9.0
AMD,2020-12-31,0.015063452266152362,0.06158832200692888,0.20186160456951213,0.20601001941874314,,,,,0.19063553894015842,,,6,9.0
AES,2023-12-31,0.019545612343297974,0.051780383057756674,0.2076258973955877,0.1877253961260423,,,,,0.22909204988104884,,,10,10.0
AES,2022-12-31,0.01946692381870781,0.05201453895236524,0.20822852800922287,0.18123888317749381,,,,,0.22919662231052781,,,10,10.0
AES,2021-12-31,0.017189585342333655,0.05288198010739241,0.2095647958916313,0.1823566847799481,,,,,0.2187916655773705,,,10,10.0
AES,2020-12-31,0.014904532304725169,0.05278618905959799,0.20945344023476392,0.18606909156182175,,,,,0.22791561004941047,,,10,10.0
AMG,2023-12-31,0.0031750048216007713,0.044576364091129216,0.19768118220405598,0.19118405378502307,,,,,0.22711301665315936,,,3,11.0
AMG,2022-12-31,0.003594368370298939,0.04515004603292019,0.19816852696116963,0.19504332501101482,,,,,0.23163577422812473,,,3,11.0
AMG,2021-12-31,0.0037221215043394405,0.04572053493978468,0.19922116543520413,0.19030939442894207,,,,,0.22883061880735142,,,3,11.0
AMG,2020-12-31,0.003128254580520733,0.04454177287942568,0.1972357595765865,0.1873435485713353,,,,,0.22439674779744317,,,3,11.0
AFL,2023-12-31,0.02907000964320154,0.09450627025417868,0.2208951686832046,0.22370718493497166,,,,,0.2380329926015006,,,3,11.0
AFL,2022-12-31,0.02954831243972999,0.09450627025417868,0.2208951686832046,0.2217408332109463,,,,,0.23405924028129982,,,3,11.0
AFL,2021-12-31,0.033243587270973964,0.09450627025417868,0.2208951686832046,0.22021507481927513,,,,,0.2478105147577841,,,3,11.0
AFL,2020-12-31,0.034346769527483126,0.09450627025417868,0.2208951686832046,0.22467812209330784,,,,,0.2060861153956759,,,3,11.0
A,2024-10-31,0.010044358727097396,0.057267081406425446,0.20264109416758372,0.19621089734175354,,,,,0.22833389976732632,,,4,8.0
A,2023-10-31,0.010542719382835101,0.05689456066500274,0.20173714824713096,0.195811099688321,,,,,0.22485686648715064,,,4,8.0
A,2022-10-31,0.010565863066538091,0.05826224395851183,0.20349263742598125,0.19592532758930173,,,,,0.2288044756999817,,,4,8.0
A,2021-10-31,0.009749662487945999,0.056585900622109636,0.20171749724886026,0.19556632561479087,,,,,0.22619016496300748,,,4,8.0
APD,2024-09-30,0.01867016393442623,0.059379274010292214,0.2122013048262852,0.2169285749253439,,,,,0.24697132101121538,,,7,9.0
APD,2023-09-30,0.01944069431051109,0.05850172157799786,0.21083687051302208,0.20446141544687585,,,,,0.23667877963974795,,,7,9.0
APD,2022-09-30,0.019592825458052073,0.05633631172535642,0.20869687680134152,0.20410159755878654,,,,,0.23536116702831297,,,7,9.0
APD,2021-09-30,0.0159274831243973,0.05514850273270572,0.2077490436514175,0.20282061324064554,,,,,0.23436772894826277,,,7,9.0
AKAM,2023-12-31,0.005881458052073288,0.05069931190097334,0.19750182099250643,0.1901619506861833,,,,,0.22504961961778774,,,6,9.0
AKAM,2022-12-31,0.00558017974927676,0.05033731753135826,0.19755174762877956,0.1899664822701979,,,,,0.225580925988863,,,6,9.0
AKAM,2021-12-31,0.005340363355834137,0.050121425796529166,0.19818164072734895,0.1910106068765196,,,,,0.2239044992287783,,,6,9.0
AKAM,2020-12-31,0.004934463259402121,0.04944668429931509,0.1974903972121784,0.1902388505409507,,,,,0.22346924263417947,,,6,9.0
ALK,2022-12-31,0.014882931533269046,0.047299490710929225,0.19715191531729812,0.1861670011912338,,,,,0.22281770411231078,,,5,10.0
ALK,2021-12-31,0.009529026036644166,0.0456603994486693,0.1973091233034638,0.18959383822065565,,,,,0.22621630807037724,,,5,10.0
ALK,2020-12-31,0.005502025072324011,0.03625158986530714,0.18685479222344495,0.17489107553727906,,,,,0.20877885545475933,,,5,10.0
ALK,2019-12-31,0.01354831243972999,0.04898647749708635,0.2001454173872033,0.19196814673389792,,,,,0.22872604637787244,,,5,10.0
ALB,2023-12-31,0.014838500289296046,0.044765865392290945,0.19407778520148825,0.1985319756531388,,,,,0.23351747666727665,,,7,9.0
ALB,2022-12-31,0.011294278109932497,0.0548168900904161,0.20912894330031967,0.20764034529462638,,,,,0.23247988287887897,,,7,9.0
ALB,2021-12-31,0.005134745612343298,0.0437657110622695,0.19618549887334277,0.18670282795646284,,,,,0.22303850879715562,,,7,9.0
ALB,2020-12-31,0.0048276320154291225,0.043749117924101556,0.19620743593774564,0.1887596808146081,,,,,0.2236915374761444,,,7,9.0
ARE,2023-12-31,0.004452380327868852,0.04923936054153872,0.19770012576638893,0.1865393759892952,,,,,0.24273910058299436,,,8,9.5
ARE,2022-12-31,0.003994541176470588,0.048064802643832914,0.19699722920924384,0.18995006608899984,,,,,0.24273910058299436,,,8,9.5
ARE,2021-12-31,0.003261947926711668,0.046387320458306944,0.19628774956767805,0.19035465315513778,,,,,0.24273910058299436,,,8,9.5
ARE,2020-12-31,0.0029093724204435874,0.045667919045921164,0.19632636377928,0.19198413048089943,,,,,0.24273910058299436,,,8,9.5
ALGN,2023-12-31,0.005959128254580521,0.05285996413157432,0.19719550123146257,0.18932501917396907,,,,,0.22739669551122843,,,4,8.0
ALGN,2022-12-31,0.005762214079074252,0.05247100990372999,0.19717843106429808,0.18864389451869257,,,,,0.228477268568142,,,4,8.0
ALGN,2021-12-31,0.006098490260366442,0.054075935692276575,0.19928994392915161,0.19199278732396663,,,,,0.22855358029855427,,,4,8.0
ALGN,2020-12-31,0.0038139880424300867,0.047838235528899625,0.1954302979091338,0.20018348264551816,,,,,0.1857483725915662,,,4,8.0
ALLE,2023-12-31,0.005632864030858245,0.04687109185829311,0.1975835822459781,0.19010296829359832,,,,,0.22427126088206842,,,5,10.0
ALLE,2022-12-31,0.0050482545805207325,0.04549223294254134,0.19673531415395903,0.1894306555049689,,,,,0.22373794149172568,,,5,10.0
ALLE,2021-12-31,0.0044241465766634526,0.04486693026943893,0.196367185453021,0.18963463389957733,,,,,0.22333272332749468,,,5,10.0
ALLE,2020-12-31,0.004196567020250723,0.04472803325013703,0.19645168474558508,0.18825818769275957,,,,,0.22359938302266605,,,5,10.0
LNT,2023-12-31,0.006213307618129219,0.047682654902106866,0.199071162815071,0.19142964377213165,,,,,0.22237327128702516,,,10,10.0
LNT,2022-12-31,0.00648794599807136,0.047549611780170184,0.19897290782371746,0.19129093846379788,,,,,0.2228438472196805,,,10,10.0
LNT,2021-12-31,0.0056609450337512055,0.04673538787391769,0.19810171356704923,0.19119302883438585,,,,,0.22033410891218527,,,10,10.0
LNT,2020-12-31,0.005270588235294118,0.04624046746031323,0.19774144526541948,0.19078507204516895,,,,,0.22077854173747088,,,10,10.0
ALL,2023-12-31,0.08809103182256509,0.09450627025417868,0.2208951686832046,0.18415985378828673,,,,,0.21873937936263102,,,3,11.0
ALL,2022-12-31,0.07932266152362584,0.09450627025417868,0.2208951686832046,0.1751766452897309,,,,,0.2095108624611121,,,3,11.0
ALL,2021-12-31,0.07807290260366441,0.09450627025417868,0.2208951686832046,0.1988626164716633,,,,,0.25604559357925283,,,3,11.0
ALL,2020-12-31,0.06466190935390549,0.09450627025417868,0.2208951686832046,0.23118911244920937,,,,,0.2581631852762019,,,3,11.0
GOOGL,2023-12-31,0.4742819672131148,0.9647648595862891,0.7450413981030236,0.7877971965209445,,,,,0.53394682491961,,,6,9.0
GOOGL,2022-12-31,0.43639112825458054,0.8720125166969118,0.6831342032175235,0.675013462574044,,,,,0.5191498261483359,,,6,9.0
GOOGL,2021-12-31,0.3975112825458052,0.8191411800392743,0.7084970916522559,0.8060573424062922,,,,,0.6065985203001228,,,6,9.0
GOOGL,2020-12-31,0.281623143683703,0.5588928683564917,0.46292511659592306,0.514254010215238,,,,,0.4265247967373402,,,6,9.0
GOOG,2023-12-31,0.4742819672131148,0.9647648595862891,0.7450413981030236,0.7877971965209445,,,,,0.53394682491961,,,6,9.0
GOOG,2022-12-31,0.43639112825458054,0.8720125166969118,0.6831342032175235,0.675013462574044,,,,,0.5191498261483359,,,6,9.0
GOOG,2021-12-31,0.3975112825458052,0.8191411800392743,0.7084970916522559,0.8060573424062922,,,,,0.6065985203001228,,,6,9.0
GOOG,2020-12-31,0.281623143683703,0.5588928683564917,0.46292511659592306,0.514254010215238,,,,,0.4265247967373402,,,6,9.0
MO,2023-12-31,0.0316327868852459,0.1144703021143213,0.26853089136928154,0.2520275452424079,,,,,0.2954171132780842,,,1,9.0
MO,2022-12-31,0.03191976856316297,0.11426807656897753,0.2709676151548499,0.23272302997666486,,,,,0.2647512483333769,,,1,9.0
MO,2021-12-31,0.03257242044358727,0.11291635845010084,0.2686160456951213,0.20588763238197808,,,,,0.2575357506993281,,,1,9.0
MO,2020-12-31,0.03215583413693346,0.10775960704383505,0.2641159670911282,0.22214063086437882,,,,,0.2859533084102376,,,1,9.0
AMZN,2023-12-31,0.8868428158148506,0.5376591860953972,0.43428706178273857,0.4339354775542174,,,,,0.408407623330109,,,0,8.5
AMZN,2022-12-31,0.7930306653809065,0.39841625467646574,0.2731226746318713,0.16348460371077495,,,,,0.13816632244908628,,,0,8.5
AMZN,2021-12-31,0.7248941176470588,0.3913649692138216,0.3558599276843264,0.457915177624386,,,,,0.34752032626597995,,,0,8.5
AMZN,2020-12-31,0.5956628736740598,0.31252361515414373,0.3428902688256563,0.35973629673145013,,,,,0.2971164152571174,,,0,8.5
AEE,2023-12-31,0.011571841851494697,0.056905204114757676,0.2050319656238537,0.19509309573929928,,,,,0.22705288750620897,,,10,10.0
AEE,2022-12-31,0.01227695274831244,0.05624531022995173,0.20402321437929047,0.19445668314812092,,,,,0.22686988575462078,,,10,10.0
AEE,2021-12-31,0.009865380906460944,0.054372063073083246,0.20251663784520255,0.19377131574223655,,,,,0.22637316671459567,,,10,10.0
AEE,2020-12-31,0.008939633558341369,0.0536642736643801,0.20140963160928577,0.19280037858390037,,,,,0.2263208804998562,,,10,10.0
AAL,2023-12-31,0.08144725168756027,0.10130435476746724,0.21912828171671123,0.19240058093046783,,,,,0.23008548796109904,,,5,10.0
AAL,2022-12-31,0.0755579556412729,0.08654721168225045,0.20468479798773778,0.18672998156035311,,,,,0.22381114219236095,,,5,10.0
AAL,2021-12-31,0.0461053037608486,0.03859847053627021,0.15971676361159148,0.16943261369755713,,,,,0.2077592742673394,,,5,10.0
AAL,2020-12-31,0.02674946962391514,0.0,0.12032961274432742,0.11319984987190156,,,,,0.15513319913204882,,,5,10.0
AEP,2023-12-31,0.029288023143683704,0.0976733418835713,0.21735641670596867,0.20370995904113834,,,,,0.2236961125199341,,,10,10.0
AEP,2022-12-31,0.03030202507232401,0.09854876562591466,0.21764463134727244,0.2045185293973662,,,,,0.2224098716373428,,,10,10.0
AEP,2021-12-31,0.02590858244937319,0.09275713244176703,0.21531533301891737,0.2059945170607529,,,,,0.22528822775875137,,,10,10.0
AEP,2020-12-31,0.023017936354869817,0.08921552453581255,0.21246462820311274,0.20364468595486365,,,,,0.22332749470602073,,,10,10.0
AXP,2023-12-31,0.09313481195756991,0.09450627025417868,0.2208951686832046,0.25401837437378627,,,,,0.2781888055214243,,,3,11.0
AXP,2022-12-31,0.08109546769527483,0.09450627025417868,0.2208951686832046,0.24700151759925587,,,,,0.27641107422028177,,,3,11.0
AXP,2021-12-31,0.06657203471552556,0.09450627025417868,0.2208951686832046,0.2514564057375043,,,,,0.2909989281325978,,,3,11.0
AXP,2020-12-31,0.05591359691417551,0.09450627025417868,0.2208951686832046,0.21127266199964098,,,,,0.2526208465138166,,,3,11.0
AIG,2023-12-31,0.07290414657666346,0.09450627025417868,0.2208951686832046,0.21541750297808454,,,,,0.22174583671015136,,,3,11.0
AIG,2022-12-31,0.08450221793635487,0.09450627025417868,0.2208951686832046,0.2691372529821641,,,,,0.30135159865101563,,,3,11.0
AIG,2021-12-31,0.0801681774349084,0.09450627025417868,0.2208951686832046,0.2702795319919714,,,,,0.2860840239470863,,,3,11.0
AIG,2020-12-31,0.06763972999035679,0.09450627025417868,0.2208951686832046,0.1371958682136388,,,,,0.1840997620977229,,,3,11.0
AMT,2023-12-31,0.017194522661523624,0.08040913420857967,0.21763153068175864,0.19779621742465037,,,,,0.2262999660139604,,,8,9.5
AMT,2022-12-31,0.016526287367405978,0.07808726564454072,0.21278493947492533,0.20010117328372576,,,,,0.22289613343442,,,8,9.5
AMT,2021-12-31,0.014436875602700096,0.07397676534918497,0.21469632657338994,0.20664398426918618,,,,,0.22911296436694464,,,8,9.5
AMT,2020-12-31,0.012407328833172613,0.06939688891963663,0.2133810197558036,0.19948760627274356,,,,,0.22565684557266474,,,8,9.5
AWK,2023-12-31,0.006532690453230472,0.05183360030653135,0.2027458994916942,0.19339599549615702,,,,,0.22885676191472115,,,10,10.0
AWK,2022-12-31,0.0058507232401157185,0.050178543869639027,0.20123277262484934,0.19238426265889916,,,,,0.22718360304305768,,,10,10.0
AWK,2021-12-31,0.00606364513018322,0.04991245762576566,0.20072839700256773,0.19599875981136075,,,,,0.2321246503359389,,,10,10.0
AWK,2020-12-31,0.005827579556412729,0.049923101075520594,0.20106901430592675,0.19147859858683766,,,,,0.2278894669420407,,,10,10.0
AMP,2023-12-31,0.023969141755062682,0.09450627025417868,0.2208951686832046,0.20654852238050944,,,,,0.23999372565423124,,,3,11.0
AMP,2022-12-31,0.02199884281581485,0.09450627025417868,0.2208951686832046,0.2113868899006217,,,,,0.2427126088206844,,,3,11.0
AMP,2021-12-31,0.02063953712632594,0.09450627025417868,0.2208951686832046,0.2135735382908242,,,,,0.242346605317508,,,3,11.0
AMP,2020-12-31,0.018359112825458053,0.09450627025417868,0.2208951686832046,0.19820988560891628,,,,,0.23003320174635955,,,3,11.0
AME,2023-12-31,0.010178514946962392,0.05114425067452863,0.20407862364408114,0.1964082505181051,,,,,0.2299344853729314,,,5,10.0
AME,2022-12-31,0.00948972806171649,0.04987131537073796,0.20272423099093434,0.19515463194138474,,,,,0.22930511620611224,,,5,10.0
AME,2021-12-31,0.008557784378013501,0.04863318946937081,0.20146642299428813,0.19377174817643314,,,,,0.22836310161825832,,,5,10.0
AME,2020-12-31,0.007004866345226615,0.04666894081709763,0.19962718126080806,0.19281211958029404,,,,,0.22775535280123393,,,5,10.0
AMGN,2023-12-31,0.0434946962391514,0.14350031132090532,0.24462217680658177,0.24049868637913868,,,,,0.25201955504431256,,,4,8.0
AMGN,2022-12-31,0.04061407907425265,0.1444475783490945,0.25555468217785465,0.23915242897472297,,,,,0.2430263261091213,,,4,8.0
AMGN,2021-12-31,0.04008331726133076,0.14236146219712734,0.25279044175444115,0.23377555849284443,,,,,0.2433923296122977,,,4,8.0
AMGN,2020-12-31,0.039227000964320156,0.14097781372898582,0.25275769009065663,0.24496173365317142,,,,,0.24498705916185196,,,4,8.0
APH,2023-12-31,0.01937080038572806,0.060189240536642735,0.20988707226327097,0.20142458510794534,,,,,0.23558338344095578,,,6,9.0
APH,2022-12-31,0.019476181292189008,0.05989175611599232,0.20997288162238642,0.20121489531828787,,,,,0.23666309377532613,,,6,9.0
APH,2021-12-31,0.016781176470588237,0.056558227652746804,0.20714444793795525,0.19867332452146666,,,,,0.23296384408250762,,,6,9.0
APH,2020-12-31,0.013267348119575698,0.05263239121063919,0.2037015930409265,0.19551247531861424,,,,,0.23045933439648636,,,6,9.0
ADI,2024-10-31,0.014545275988428159,0.06709281088186303,0.20645375465073626,0.19903618576720353,,,,,0.22598277169224332,,,6,9.0
ADI,2023-10-31,0.01898636682738669,0.08037517096041169,0.2189895587695855,0.21273787144465656,,,,,0.22993971399440535,,,6,9.0
ADI,2022-10-31,0.018536475216972034,0.07854053823925411,0.21616890033013678,0.2081196537262773,,,,,0.23142370134114137,,,6,9.0
ADI,2021-10-31,0.011291473095467696,0.06253565289581658,0.20453189357019338,0.19703841321127263,,,,,0.22065545998797415,,,6,9.0
ANSS,2023-12-31,0.003502332111861138,0.04909105471265346,0.19699559162605462,0.1897767007718542,,,,,0.22466670152414314,,,6,9.0
ANSS,2022-12-31,0.003186967020250723,0.0481132463053925,0.19677630613635172,0.18996679231735772,,,,,0.22361781391336172,,,6,9.0
ANSS,2021-12-31,0.002941893924783028,0.04722887674353011,0.19625629486977939,0.18940313473996834,,,,,0.2238562913387885,,,6,9.0
ANSS,2020-12-31,0.002594093731918997,0.04620339100309192,0.19614549599119635,0.18923391426380115,,,,,0.22383827873781076,,,6,9.0
AON,2023-12-31,0.020637994214079074,0.0729076308213018,0.21792957082219777,0.20661379546678413,,,,,0.2364121199445766,,,3,11.0
AON,2022-12-31,0.01925400192864031,0.07039577667913724,0.21575486034690564,0.20681777386139258,,,,,0.23560168361611458,,,3,11.0
AON,2021-12-31,0.018812729026036645,0.06748479317116263,0.20672195147513495,0.19593348672508606,,,,,0.23855585474889543,,,3,11.0
AON,2020-12-31,0.01707386692381871,0.06592020605718725,0.21119582874810042,0.2017591096751032,,,,,0.2339808109591906,,,3,11.0
APA,2023-12-31,0.012773770491803279,0.06094971502163281,0.2148902164229943,0.20898810398002643,,,,,0.2137983320697498,,,2,12.0
APA,2022-12-31,0.0170877531340405,0.07174217307313646,0.22618299009589687,0.21509929668249536,,,,,0.2654571122323599,,,2,12.0
APA,2021-12-31,0.012320154291224687,0.057293690030812784,0.2105276948068962,0.19495439043096552,,,,,0.23737941491725703,,,2,12.0
APA,2020-12-31,0.00684281581485053,0.04327094497868649,0.1940274065922549,0.14666046572347055,,,,,0.2239418577292097,,,2,12.0
AIV,2023-12-31,0.0002885168756027001,0.039057644923872724,0.19297007807996647,0.18433775558492843,,,,,0.22193532195236723,,,8,9.5
AIV,2022-12-31,0.0002936840887174542,0.0390856850922521,0.19236959597547557,0.18631163003214699,,,,,0.22272003346317742,,,8,9.5
AIV,2021-12-31,0.0002620420443587271,0.038998786646727936,0.1927917518209925,0.1856455508232568,,,,,0.2219139368905388,,,8,9.5
AIV,2020-12-31,0.00023367560270009643,0.03893340393488337,0.19290404417544413,0.18565264111225338,,,,,0.22200337246085067,,,8,9.5
AAPL,2024-09-30,0.6033326904532305,1.0,1.0,0.9504985231964229,,,,,0.9999999999999999,,,6,9.0
AAPL,2023-09-30,0.5913751205400193,0.9386139035384149,0.9416037834722004,0.9770891467175795,,,,,0.6599304593343964,,,6,9.0
AAPL,2022-09-30,0.60841350048216,0.9473096019881964,0.9752462925116596,1.0,,,,,0.7268306710935661,,,6,9.0
AAPL,2021-09-30,0.5644235294117647,0.8518059273371685,0.9065464025572499,0.9582007473768377,,,,,0.6020496196177878,,,6,9.0
AMAT,2024-10-31,0.041930183220829316,0.10708906970927418,0.24442566682387468,0.24425188883993404,,,,,0.2477582285430446,,,6,9.0
AMAT,2023-10-31,0.040913404050144646,0.10435902484713344,0.2430304459466541,0.24163280625316164,,,,,0.24475177119552427,,,6,9.0
AMAT,2022-10-31,0.03978399228543877,0.10227823042004375,0.2438819892050516,0.23893213230854585,,,,,0.2503463961726491,,,6,9.0
AMAT,2021-10-31,0.03558418514946962,0.09653608927725654,0.24005659487501965,0.23373476281392272,,,,,0.24535306266502835,,,6,9.0
APTV,2023-12-31,0.030936933461909354,0.05675619581818859,0.20448828800503066,0.20966531225012644,,,,,0.17186478784868367,,,0,8.5
APTV,2022-12-31,0.026983992285438765,0.052477529016704896,0.20172404758161716,0.19054029797163882,,,,,0.22543201484928496,,,0,8.5
APTV,2021-12-31,0.024097203471552555,0.051418505766088904,0.2008397526594351,0.19050766142850148,,,,,0.22490915270189013,,,0,8.5
APTV,2020-12-31,0.020159691417550626,0.04877893022686513,0.19826547188597182,0.20041285227068747,,,,,0.22354971111866354,,,0,8.5
ADM,2023-12-31,0.1449334619093539,0.07843690296899031,0.21946889902007022,0.2141120412525905,,,,,0.24391519175969253,,,1,9.0
ADM,2022-12-31,0.1566919961427194,0.07874024128700594,0.22048420059739035,0.22110442061976793,,,,,0.24496091605448223,,,1,9.0
ADM,2021-12-31,0.13153172613307618,0.07031595080597523,0.21249934496672432,0.2077968701555131,,,,,0.23737941491725703,,,1,9.0
ADM,2020-12-31,0.09929411764705882,0.062152424843940415,0.20446208667400304,0.20015175992558867,,,,,0.22490915270189013,,,1,9.0
AJG,2023-12-31,0.015540057859209257,0.06104710258689046,0.2050719226536708,0.19360405345865764,,,,,0.22799665368225666,,,3,11.0
AJG,2022-12-31,0.013192825458052074,0.05759915703877941,0.20381294869779384,0.1947846804066513,,,,,0.22778489451256173,,,3,11.0
AJG,2021-12-31,0.012666383799421407,0.054290640682457994,0.2016519939212912,0.19309247564497967,,,,,0.222794175315678,,,3,11.0
AJG,2020-12-31,0.010814889103182257,0.05180752385463176,0.19970785515904207,0.19237447169595795,,,,,0.2226033306318789,,,3,11.0
AIZ,2023-12-31,0.017175081967213113,0.09450627025417868,0.2208951686832046,0.1909360160571792,,,,,0.2265640113983948,,,3,11.0
AIZ,2022-12-31,0.015726904532304724,0.09450627025417868,0.2208951686832046,0.18795058827369004,,,,,0.22418498862774827,,,3,11.0
AIZ,2021-12-31,0.01571857280617165,0.09450627025417868,0.2208951686832046,0.19680488242685332,,,,,0.22667119813861072,,,3,11.0
AIZ,2020-12-31,0.014828158148505305,0.09450627025417868,0.2208951686832046,0.1892903183694783,,,,,0.22380329926015005,,,3,11.0
T,2023-12-31,0.18889566055930568,0.4232421012298506,0.35438610281402294,0.3031853266102054,,,,,0.332723327494706,,,9,9.5
T,2022-12-31,0.1862927675988428,0.4104061008253995,0.3429688728187392,0.11614529789004747,,,,,0.3210896447151708,,,9,9.5
T,2021-12-31,0.20680887174541948,0.4302987084173722,0.3639233873080753,0.34953737700102805,,,,,0.3633107631173041,,,9,9.5
T,2020-12-31,0.2650106075216972,0.5272019967111741,0.3585193627836294,0.14346208449601017,,,,,0.2474967974693472,,,9,9.5
ADSK,2023-01-31,0.007722275795564127,0.06253558903511806,0.1993724781218886,0.19240874006625217,,,,,0.22548430106402445,,,6,9.0
ADSK,2022-01-31,0.006767213114754098,0.05957138827836878,0.1969423046690772,0.18974886180055806,,,,,0.22404643015868864,,,6,9.0
ADSK,2021-01-31,0.005847637415621987,0.056830699966473136,0.19701435832940314,0.1955500073432222,,,,,0.20498810488614674,,,6,9.0
ADSK,2020-01-31,0.005051957569913211,0.05415067931818061,0.19514423832730704,0.18744390594148266,,,,,0.22436799037933647,,,6,9.0
ADP,2024-06-30,0.028046904532304726,0.07943845159092966,0.21881059057800137,0.21630684877857737,,,,,0.2515568220438681,,,6,9.0
ADP,2023-06-30,0.026536239151398265,0.07701280939178007,0.21742388513336477,0.21353274261190253,,,,,0.24908106977595354,,,6,9.0
ADP,2022-06-30,0.024758341369334618,0.07349621359274969,0.21525113975789972,0.20975424683017574,,,,,0.24462628428014951,,,6,9.0
ADP,2021-06-30,0.022500289296046288,0.07008019839390342,0.21190457475239743,0.2068952856513438,,,,,0.24220804684844838,,,6,9.0
AZO,2024-08-31,0.028528860945033752,0.09069843381636855,0.2177114971440549,0.20741687472462914,,,,,0.2399075318292332,,,0,8.5
AZO,2023-08-31,0.02693494156219865,0.08672507437110516,0.21564996331813657,0.2063235423703921,,,,,0.2389790593709968,,,0,8.5
AZO,2022-08-31,0.025075764705882353,0.0835438962476518,0.21431856233296653,0.20551724025391227,,,,,0.23924830723379778,,,0,8.5
AZO,2021-08-31,0.022572165863066537,0.07952671239802245,0.21218183068699892,0.20340165793639137,,,,,0.23740231627931294,,,0,8.5
AVB,2023-12-31,0.004270640694310511,0.04792626750182269,0.1986996148404339,0.1932721806106297,,,,,0.22253412982667117,,,8,9.5
AVB,2022-12-31,0.004001459594985535,0.047365118222118155,0.19803810983597966,0.19496887289698273,,,,,0.22265159080808342,,,8,9.5
AVB,2021-12-31,0.003540752169720347,0.046122899914320226,0.19690759445579836,0.19388798322481682,,,,,0.2224185772920969,,,8,9.5
AVB,2020-12-31,0.003550643780135005,0.04632113948773076,0.19754811219409946,0.19244651686493364,,,,,0.22218381218791664,,,8,9.5
AVY,2023-12-31,0.012905380906460946,0.05057501237301034,0.19920740973641463,0.1897978166152641,,,,,0.22728033254032573,,,7,9.0
AVY,2022-12-31,0.013946846673095467,0.051249274914985446,0.1999253262065713,0.1918710530180643,,,,,0.2286005594624977,,,7,9.0
AVY,2021-12-31,0.012973269045323046,0.05076286926118494,0.19986571817848348,0.19173234770973058,,,,,0.22876787534966403,,,7,9.0
AVY,2020-12-31,0.010756412729026037,0.04869005742141143,0.1985458261279673,0.19022943489825556,,,,,0.22691432903714934,,,7,9.0
BAC,2023-12-31,0.15210183220829315,0.09450627025417868,0.2208951686832046,0.4020332566374569,,,,,0.27003215602206476,,,3,11.0
BAC,2022-12-31,0.14649951783992285,0.09450627025417868,0.2208951686832046,0.41029846118699104,,,,,0.3122271313168283,,,3,11.0
BAC,2021-12-31,0.13749353905496625,0.09450627025417868,0.2208951686832046,0.4466066154272939,,,,,0.27450262738229064,,,3,11.0
BAC,2020-12-31,0.1319621986499518,0.09450627025417868,0.2208951686832046,0.33169334704068143,,,,,0.2510522600716321,,,3,11.0
BAX,2023-12-31,0.022855159112825457,0.06493036522997833,0.195317822145365,0.20736443595894322,,,,,0.22137983320697496,,,4,8.0
BAX,2022-12-31,0.02238148505303761,0.06541464219382787,0.19685715034323745,0.16584259395244855,,,,,0.22237327128702516,,,4,8.0
BAX,2021-12-31,0.018740212150433946,0.06357332538622418,0.20169784625058954,0.19617010166283186,,,,,0.22443857676923476,,,4,8.0
BAX,2020-12-31,0.018010414657666344,0.06286553597752104,0.20335508043808626,0.19468513895008238,,,,,0.22702674439883921,,,4,8.0
BDX,2024-09-30,0.031132883317261332,0.08701552347146757,0.21160194937902846,0.19960509782803804,,,,,0.23011163106846877,,,4,8.0
BDX,2023-09-30,0.02988929604628737,0.08193327621348631,0.2087722056280459,0.1978019288196994,,,,,0.22571958903035214,,,4,8.0
BDX,2022-09-30,0.029114754098360656,0.08356704575086876,0.20910627259864803,0.20020887387607902,,,,,0.226137878748268,,,4,8.0
BDX,2021-09-30,0.02951745419479267,0.08438659138199872,0.20881150762458733,0.20276268337657674,,,,,0.22456929230608347,,,4,8.0
BRK-B,2023-12-31,0.67785843780135,0.09450627025417868,0.2208951686832046,0.9707902938920709,,,,,0.8240568874016365,,,3,11.0
BRK-B,2022-12-31,0.3612281581485053,0.09450627025417868,0.2208951686832046,0.0,,,,,0.0,,,3,11.0
BRK-B,2021-12-31,0.5473126325940212,0.09450627025417868,0.2208951686832046,0.9195019663517239,,,,,0.7689733601735902,,,3,11.0
BRK-B,2020-12-31,0.44177434908389585,0.09450627025417868,0.2208951686832046,0.5326283840015665,,,,,0.5474889545371362,,,3,11.0
BBY,2024-01-31,0.06704262295081967,0.08955930796289693,0.2042066236964838,0.19581925882410534,,,,,0.23222922276541788,,,0,8.5
BBY,2023-01-31,0.07143375120540019,0.09120372095003432,0.20561494523921817,0.19727158499371744,,,,,0.2319416485843507,,,0,8.5
BBY,2022-01-31,0.07986268081002892,0.1003996615382978,0.21257794895980717,0.205716290530507,,,,,0.23727484248777808,,,0,8.5
BBY,2021-01-31,0.07292111861137898,0.0947213810940402,0.2102198291673217,0.20036389745598143,,,,,0.2374055580246268,,,0,8.5
BIIB,2023-12-31,0.01517546769527483,0.07731508336482021,0.2048885133364775,0.19516734387493676,,,,,0.22580586128467228,,,4,8.0
BIIB,2022-12-31,0.01569666345226615,0.08047033404467055,0.21190260965257035,0.21055384213704081,,,,,0.2388120572011189,,,4,8.0
BIIB,2021-12-31,0.016943799421407908,0.08566912707746835,0.21128753340669706,0.19839020250975015,,,,,0.22364121199445763,,,4,8.0
BIIB,2020-12-31,0.02074383799421408,0.1003964685033713,0.22201894356233298,0.2183352099345637,,,,,0.24821050430054115,,,4,8.0
BLK,2023-12-31,0.02755486981677917,0.08287522151679802,0.23437745637478385,0.23058533640116835,,,,,0.26093435465739456,,,3,11.0
BLK,2022-12-31,0.027576470588235293,0.0833009595069954,0.2353993082848609,0.22794177640704294,,,,,0.25615016600873175,,,3,11.0
BLK,2021-12-31,0.0298923818707811,0.08877701440590924,0.24194309070900802,0.2338408315791191,,,,,0.2737183341611984,,,3,11.0
BLK,2020-12-31,0.025002892960462875,0.08093811366139994,0.23424644971964576,0.22593462900409586,,,,,0.2546338657812868,,,3,11.0
HRB,2024-06-30,0.005570448601735776,0.04706949108344997,0.19816903133679192,0.1905510435534668,,,,,0.2265655538417296,,,3,11.0
HRB,2023-06-30,0.005357276759884282,0.04669671489923314,0.19779842005973905,0.19021148479953,,,,,0.22617479281587408,,,3,11.0
HRB,2022-06-30,0.0053435216972034716,0.04687379529453086,0.19777352224493006,0.1902112726619996,,,,,0.2248417819141983,,,3,11.0
HRB,2021-04-30,0.005267482352941177,0.04681997669084503,0.1979355119740083,0.1904570013544165,,,,,0.2243215602206478,,,3,11.0
BA,2023-12-31,0.12002931533269046,0.0795597869181359,0.18751637583189226,0.1675641716029438,,,,,0.22846461530417503,,,5,10.0
BA,2022-12-31,0.10277029893924783,0.057240472782038115,0.16990908138133418,0.14542843622003557,,,,,0.2230791351860082,,,5,10.0
BA,2021-12-31,0.09610183220829316,0.05468072311597635,0.17090473196038358,0.1514090827499551,,,,,0.2028443700818279,,,5,10.0
BA,2020-12-31,0.08973269045323047,0.008200778036177084,0.10788398050620972,0.08826553091496547,,,,,0.1559959216752503,,,5,10.0
BWA,2023-12-31,0.02190626808100289,0.052120973449914586,0.20106901430592675,0.1907932311809533,,,,,0.22982405688740162,,,0,8.5
BWA,2022-12-31,0.0194946962391514,0.05106195019929859,0.1999882094010376,0.19339599549615702,,,,,0.22736660479464588,,,0,8.5
BWA,2021-12-31,0.01821099324975892,0.050018892123315006,0.20013886705444636,0.19007522723193157,,,,,0.22396800083657942,,,0,8.5
BWA,2020-12-31,0.01568370298939248,0.04861927848054111,0.19892705549441914,0.1897733392079111,,,,,0.23264751248333376,,,0,8.5
BXP,2023-12-31,0.005050829701060753,0.04940368476230515,0.19969773489493267,0.18724576132896,,,,,0.24273910058299436,,,8,9.5
BXP,2022-12-31,0.0047962676952748315,0.048954722764742505,0.19984691872347116,0.19262044516244836,,,,,0.24273910058299436,,,8,9.5
BXP,2021-12-31,0.004456888717454195,0.048323773741545104,0.19926817062306765,0.18981572591831072,,,,,0.24273910058299436,,,8,9.5
BXP,2020-12-31,0.004267210800385728,0.04768979665689243,0.1988343879369072,0.19281446941139993,,,,,0.24273910058299436,,,8,9.5
BSX,2023-12-31,0.021971070395371262,0.09111325162711738,0.20872635329874759,0.1986912746201922,,,,,0.23254294005385479,,,4,8.0
BSX,2022-12-31,0.0195672131147541,0.08489215524535812,0.20621102552009643,0.19138884809320994,,,,,0.23385009542234186,,,4,8.0
BSX,2021-12-31,0.018342140790742527,0.08197052828762857,0.20484200597390348,0.1941874316672378,,,,,0.2232098507228569,,,4,8.0
BSX,2020-12-31,0.015294889103182257,0.07252978835500162,0.19737462663103286,0.18502472218142652,,,,,0.22232098507228568,,,4,8.0
BHF,2023-12-31,0.00609450337512054,0.09450627025417868,0.2208951686832046,0.17662081232355867,,,,,0.2126741784528509,,,3,11.0
BHF,2022-12-31,0.010229508196721311,0.09450627025417868,0.2208951686832046,0.21734305902318823,,,,,0.24443805390708737,,,3,11.0
BHF,2021-12-31,0.005531340405014465,0.09450627025417868,0.2208951686832046,0.1990992314094091,,,,,0.23170636061802305,,,3,11.0
BHF,2020-12-31,0.012753712632594021,0.09450627025417868,0.2208951686832046,0.1770369282485599,,,,,0.21277875088232986,,,3,11.0
BMY,2023-12-31,0.06944030858244937,0.22105912968511354,0.2465741759681392,0.2511708359850524,,,,,0.23272594180544298,,,4,8.0
BMY,2022-12-31,0.07121928640308582,0.23015395750070514,0.25252842844416495,0.237316623423247,,,,,0.2580324697393532,,,4,8.0
BMY,2021-12-31,0.07156798457087753,0.2324050471238738,0.24881438977100037,0.24275876699140025,,,,,0.2506078272463465,,,4,8.0
BMY,2020-12-31,0.06560154291224686,0.20207121532231026,0.2071542734370906,0.11213916221993765,,,,,0.2777966589108781,,,4,8.0
AVGO,2024-10-31,0.079574156219865,0.21145873800616255,0.2911229890478436,0.2337918767644131,,,,,0.32025306527933906,,,6,9.0
AVGO,2023-10-31,0.0552655737704918,0.16984817118924586,0.300653723209139,0.300590721430786,,,,,0.2488039528378343,,,6,9.0
AVGO,2022-10-31,0.051229315332690456,0.15603829513221826,0.28644605145941415,0.2794830371567043,,,,,0.2468170766777339,,,6,9.0
AVGO,2021-10-31,0.042352941176470586,0.12809391780063753,0.2496659330293979,0.24065370995904112,,,,,0.2230268489712687,,,6,9.0
BF-B,2024-04-30,0.006446287367405979,0.05189746100506096,0.20040743069747943,0.19404872635890405,,,,,0.2294319102768555,,,1,9.0
BF-B,2023-04-30,0.0065234329797492765,0.051727165808982005,0.20027642404234136,0.19208237463487865,,,,,0.2283861859820658,,,1,9.0
BF-B,2022-04-30,0.006068273866923819,0.05117902814660288,0.20078079966462298,0.19253112710301723,,,,,0.22948419649159496,,,1,9.0
BF-B,2021-04-30,0.005340019286403086,0.049598475857995095,0.1996999947597338,0.19306147092899917,,,,,0.22692217196936026,,,1,9.0
CHRW,2023-12-31,0.027149767405978784,0.044515552740954395,0.19626504611434262,0.18834654297416817,,,,,0.22446621003372458,,,5,10.0
CHRW,2022-12-31,0.03810472516875603,0.04840745786524328,0.20119204265576693,0.19336763434017068,,,,,0.22818334161198398,,,5,10.0
CHRW,2021-12-31,0.03564457164898746,0.0470146666737623,0.1999823665042184,0.1925820809059904,,,,,0.22692337455229927,,,5,10.0
CHRW,2020-12-31,0.025006142333654773,0.04467795581904006,0.19730432845988577,0.1898257290187823,,,,,0.22545580507699142,,,5,10.0
CDNS,2023-12-31,0.006310489488910318,0.05790539569685326,0.20116227794371955,0.19418860658279075,,,,,0.2285634885362474,,,6,9.0
CDNS,2022-12-31,0.005495418322082932,0.055431591887562595,0.1999275598700414,0.1926204859581273,,,,,0.2274034927191446,,,6,9.0
CDNS,2021-12-31,0.004610598264223722,0.05272359493158922,0.19799062647382487,0.19137216266053098,,,,,0.22416355127970508,,,6,9.0
CDNS,2020-12-31,0.004139465380906461,0.05110661543619518,0.19718314075355028,0.19051291591194658,,,,,0.2233694282502418,,,6,9.0
CPB,2024-07-31,0.014867502410800386,0.0542656285755339,0.20092490698527485,0.1903200013054617,,,,,0.22723588925779717,,,1,9.0
CPB,2023-07-31,0.014437029893924784,0.053978255432150665,0.20148823560236861,0.19269430981870397,,,,,0.22932733784737652,,,1,9.0
CPB,2022-07-31,0.013210414657666345,0.05243495521768515,0.20041398103023633,0.19187023710448586,,,,,0.22796789626414993,,,1,9.0
CPB,2021-07-31,0.013077724204435873,0.05341415259513913,0.20121312162657864,0.1938692253716486,,,,,0.23084363807482156,,,1,9.0
COF,2023-12-31,0.05675911282545805,0.09450627025417868,0.2208951686832046,0.22556746789380067,,,,,0.2525424171917074,,,3,11.0
COF,2022-12-31,0.05284474445515911,0.09450627025417868,0.2208951686832046,0.24574501068846785,,,,,0.27141774071266106,,,3,11.0
COF,2021-12-31,0.046958534233365476,0.09450627025417868,0.2208951686832046,0.2867854636836866,,,,,0.311547410525215,,,3,11.0
COF,2020-12-31,0.04400848601735776,0.09450627025417868,0.2208951686832046,0.2078376658344348,,,,,0.23497424903924077,,,3,11.0
CAH,2024-06-30,0.349974156219865,0.07791005220612104,0.20684640779751612,0.19264535500399796,,,,,0.2313665002222164,,,4,8.0
CAH,2023-06-30,0.3162646094503375,0.07503632077228871,0.20461274432741183,0.18838628612457367,,,,,0.23094821050430053,,,4,8.0
CAH,2022-06-30,0.27977010607521696,0.07296084807007647,0.20368914740868838,0.17804050195003343,,,,,0.2262685942851167,,,4,8.0
CAH,2021-06-30,0.25067232401157186,0.07452543518405186,0.20464549599119636,0.19067900327997256,,,,,0.21471334082769075,,,4,8.0
KMX,2024-02-29,0.040942781099324976,0.05289373579764673,0.19154667112089294,0.18960366182014,,,,,0.22651410420642595,,,0,8.5
KMX,2023-02-28,0.04580115409836066,0.05335669393163712,0.19085739925588222,0.18964901029682935,,,,,0.2262435491882565,,,0,8.5
KMX,2022-02-28,0.049219536354869815,0.055950178011697146,0.19650727086936018,0.1950873598668429,,,,,0.23118477948288932,,,0,8.5
KMX,2021-02-28,0.029238416972034716,0.05111583266368295,0.19468158177435416,0.19178798485664397,,,,,0.2279767326344409,,,0,8.5
CCL,2023-11-30,0.03331610414657667,0.07717565417303056,0.20570664989781481,0.18508999526770123,,,,,0.22260855925335282,,,0,8.5
CCL,2022-11-30,0.01877569913211186,0.040647334614095115,0.16421684221558455,0.13598015698177246,,,,,0.22263470236072258,,,0,8.5
CCL,2021-11-30,0.002943876567020251,0.023836005726175967,0.1479261646491642,0.10817382222874952,,,,,0.2217196936027816,,,0,8.5
CCL,2020-11-30,0.008631051108968177,0.024346891314412825,0.14854844626107006,0.10217685742726129,,,,,0.22182426603226058,,,0,8.5
CAT,2023-12-31,0.10346769527483124,0.16225406978910004,0.2778258135513284,0.27001843964687255,,,,,0.29497268045279856,,,5,10.0
CAT,2022-12-31,0.09169064609450338,0.1316488300187857,0.25072708693601636,0.24040077674972665,,,,,0.27630650179080285,,,5,10.0
CAT,2021-12-31,0.07864378013500482,0.11829662230122026,0.23794738772729657,0.2386384034203097,,,,,0.2678099918956367,,,5,10.0
CAT,2020-12-31,0.06441350048216007,0.10272525530975099,0.22271786406749464,0.2101548603971867,,,,,0.2485686648715066,,,5,10.0
CBOE,2023-12-31,0.005822179363548698,0.04639586182673528,0.19987226851124038,0.19190613730193695,,,,,0.22975085618676633,,,3,11.0
CBOE,2022-12-31,0.006107618129218901,0.045791846053142744,0.1992506419326102,0.18761116822506158,,,,,0.22744241980601812,,,3,11.0
CBOE,2021-12-31,0.005392169720347156,0.044774864429058744,0.19827529738510716,0.19000995414565688,,,,,0.2282057985412146,,,3,11.0
CBOE,2020-12-31,0.00528771456123433,0.04512982347838581,0.19752790441754442,0.18951387868996913,,,,,0.22729340409401058,,,3,11.0
CNC,2023-12-31,0.2376069431051109,0.13060045021792463,0.21555180003144161,0.20773975620502275,,,,,0.24577135238294423,,,4,8.0
CNC,2022-12-31,0.22302333654773385,0.1270934335236737,0.21671120892941362,0.19550105252851616,,,,,0.24213746045855009,,,4,8.0
CNC,2021-12-31,0.1943791706846673,0.11401795549973656,0.2142679348110884,0.19668412721724512,,,,,0.23473896107291312,,,4,8.0
CNC,2020-12-31,0.1714406943105111,0.11943014970012081,0.21355394854058588,0.20044548881382482,,,,,0.24786280097252358,,,4,8.0
CNP,2023-12-31,0.013417164898746383,0.058070661862923006,0.2044227846774616,0.1931756988299799,,,,,0.2267130271104023,,,10,10.0
CNP,2022-12-31,0.014381485053037608,0.05653268337333496,0.20315202012262223,0.1943179778397872,,,,,0.2316802175106533,,,10,10.0
CNP,2021-12-31,0.012886403085824494,0.05552155564661618,0.2018223025729707,0.19781824709126808,,,,,0.22514444066821782,,,10,10.0
CNP,2020-12-31,0.011445323047251687,0.05404211613068027,0.20091180631976105,0.17938675935444917,,,,,0.22436014744712554,,,10,10.0
CF,2023-12-31,0.010231051108968178,0.051998573777732836,0.2076455483938584,0.19813645338685726,,,,,0.2329873728791404,,,7,9.0
CF,2022-12-31,0.017259016393442624,0.06964541347141436,0.22938610281402297,0.21299423965013622,,,,,0.2525424171917074,,,7,9.0
CF,2021-12-31,0.010087560270009644,0.051157741247093005,0.20720012576638894,0.1931756988299799,,,,,0.22966719824318316,,,7,9.0
CF,2020-12-31,0.006362970106075217,0.04271748559142989,0.19681129801393912,0.18828021735937728,,,,,0.2230791351860082,,,7,9.0
SCHW,2023-12-31,0.029063837994214078,0.09450627025417868,0.2208951686832046,0.22703611233498144,,,,,0.2565423126192779,,,3,11.0
SCHW,2022-12-31,0.03203394406943105,0.09450627025417868,0.2208951686832046,0.24430084365464008,,,,,0.2799142506078272,,,3,11.0
SCHW,2021-12-31,0.02857473481195757,0.09450627025417868,0.2208951686832046,0.23346551133303958,,,,,0.27084259235052677,,,3,11.0
SCHW,2020-12-31,0.018038187078109932,0.09450627025417868,0.2208951686832046,0.21261076026827236,,,,,0.2484379493346579,,,3,11.0
CHTR,2023-12-31,0.08425380906460946,0.17072625579402798,0.27481266048315256,0.2228749530849692,,,,,0.2639146688975451,,,0,8.5
CHTR,2022-12-31,0.08335120540019286,0.17006636190922203,0.27308992296808676,0.22693820270556941,,,,,0.26443753104494,,,0,8.5
CHTR,2021-12-31,0.07974079074252652,0.16328116269045123,0.263998061101504,0.22366638925604998,,,,,0.2501895375284306,,,0,8.5
CHTR,2020-12-31,0.07420945033751206,0.1512647079171301,0.24832966514698948,0.21198250681287836,,,,,0.23863428407100465,,,0,8.5
CVX,2023-12-31,0.30381947926711667,0.35983907103970536,0.36470287690614683,0.360046343891255,,,,,0.4359363153904473,,,2,12.0
CVX,2022-12-31,0.36369064609450336,0.4321666338493632,0.45457999266362736,0.47505752190727957,,,,,0.5899976471203368,,,2,12.0
CVX,2021-12-31,0.2400864030858245,0.28023138859767227,0.29887858303201803,0.31318026794601916,,,,,0.3778201877075109,,,2,12.0
CVX,2020-12-31,0.14576046287367406,0.1598699370439947,0.1529568202064665,0.1404676816631582,,,,,0.17280593971399438,,,2,12.0
CMG,2023-12-31,0.015231088138862103,0.05221725409639772,0.2035916391552691,0.195719203341982,,,,,0.23251075788868264,,,0,8.5
CMG,2022-12-31,0.013322510318225652,0.049428813947176554,0.2008273201278625,0.19302965845857606,,,,,0.22965229667198242,,,0,8.5
CMG,2021-12-31,0.011644452844744455,0.047539016225939146,0.19843249227060736,0.1910215564367422,,,,,0.22644581840997619,,,0,8.5
CMG,2020-12-31,0.009233765091610415,0.043995130621737114,0.19509678771681602,0.1885965144171929,,,,,0.22064821834723272,,,0,8.5
CB,2023-12-31,0.0768771456123433,0.09450627025417868,0.2208951686832046,0.25935444917674316,,,,,0.23562782672348434,,,3,11.0
CB,2022-12-31,0.06643008678881389,0.09450627025417868,0.2208951686832046,0.2284965976403779,,,,,0.2546600088886565,,,3,11.0
CB,2021-12-31,0.06304493731918998,0.09450627025417868,0.2208951686832046,0.2552504038772213,,,,,0.2554443021097487,,,3,11.0
CB,2020-12-31,0.05562507232401157,0.09450627025417868,0.2208951686832046,0.21451999804180738,,,,,0.2387127133931139,,,3,11.0
CHD,2023-12-31,0.009053654773384764,0.05223006880990266,0.19982052088246083,0.1918588143143878,,,,,0.22780580899845754,,,1,9.0
CHD,2022-12-31,0.008294079074252652,0.050428664938879986,0.19680998794738774,0.1890708376168796,,,,,0.22512875480379596,,,1,9.0
CHD,2021-12-31,0.008007868852459016,0.05050050822472579,0.19996266310328564,0.19244545617728168,,,,,0.22760712138244749,,,1,9.0
CHD,2020-12-31,0.007553789778206365,0.05023814718826666,0.1996390766650946,0.19210603612865323,,,,,0.2271809887323207,,,1,9.0
CI,2023-12-31,0.30115641272902605,0.09450627025417868,0.2208951686832046,0.2278275485060622,,,,,0.2259548769966798,,,4,8.0
CI,2022-12-31,0.27777203471552553,0.09450627025417868,0.2208951686832046,0.24039261761394232,,,,,0.26448981725967946,,,4,8.0
CI,2021-12-31,0.2688786885245902,0.09450627025417868,0.2208951686832046,0.2295083304776358,,,,,0.2580847559540927,,,4,8.0
CI,2020-12-31,0.2477145612343298,0.09450627025417868,0.2208951686832046,0.2547037417796707,,,,,0.2844631512901623,,,4,8.0
CINF,2023-12-31,0.015449180327868852,0.09450627025417868,0.2208951686832046,0.20073105856627665,,,,,0.23358866434864445,,,3,11.0
CINF,2022-12-31,0.010126133076181293,0.09450627025417868,0.2208951686832046,0.18172027218876974,,,,,0.2168570756320096,,,3,11.0
CINF,2021-12-31,0.014852073288331727,0.09450627025417868,0.2208951686832046,0.20991008632365657,,,,,0.2413531672374578,,,3,11.0
CINF,2020-12-31,0.01162738669238187,0.09450627025417868,0.2208951686832046,0.19561528042949688,,,,,0.22966719824318316,,,3,11.0
CTAS,2024-05-31,0.014806734811957569,0.06339460057793932,0.2064444335272232,0.1985166038413211,,,,,0.23277935217379936,,,5,10.0
CTAS,2023-05-31,0.013601957955641272,0.060664300273004484,0.20470224807420218,0.19669236794438733,,,,,0.2312916786489242,,,5,10.0
CTAS,2022-05-31,0.012118740983606557,0.05778459786385963,0.20329200073363726,0.19577648047518806,,,,,0.2291446236699694,,,5,10.0
CTAS,2021-05-31,0.010979888138862103,0.05609444465140041,0.201969632657339,0.19475831007979633,,,,,0.22689030352147654,,,5,10.0
CSCO,2024-07-31,0.08301330761812922,0.2237998179970092,0.277852014882356,0.2698960526101075,,,,,0.27230660636323234,,,6,9.0
CSCO,2023-07-31,0.08794291224686596,0.22872241350866643,0.2948304773882513,0.2886049509635939,,,,,0.2929858042926982,,,6,9.0
CSCO,2022-07-31,0.07954792671166827,0.2100697678131436,0.2844350993030446,0.2820694832003394,,,,,0.2919400799979085,,,6,9.0
CSCO,2021-07-31,0.07686480231436837,0.20818587720652018,0.2827582141172772,0.272107178407663,,,,,0.292096938642127,,,6,9.0
C,2023-12-31,0.12109701060752169,0.09450627025417868,0.2208951686832046,0.2609862763336107,,,,,0.31450158165799585,,,3,11.0
C,2022-12-31,0.11618900675024108,0.09450627025417868,0.2208951686832046,0.3068161420342357,,,,,0.31748189589814646,,,3,11.0
C,2021-12-31,0.11091533269045323,0.09450627025417868,0.2208951686832046,0.3648031200535239,,,,,0.3647747771300096,,,3,11.0
C,2020-12-31,0.11648061716489874,0.09450627025417868,0.2208951686832046,0.27582774432532103,,,,,0.2882800449661447,,,3,11.0
CFG,2023-12-31,0.01268891031822565,0.09450627025417868,0.2208951686832046,0.19881366165695727,,,,,0.2333010901675773,,,3,11.0
CFG,2022-12-31,0.012423529411764707,0.09450627025417868,0.2208951686832046,0.2026076597966743,,,,,0.237483987346736,,,3,11.0
CFG,2021-12-31,0.010255737704918033,0.09450627025417868,0.2208951686832046,0.20461480719962138,,,,,0.2394708635068364,,,3,11.0
CFG,2020-12-31,0.01065380906460945,0.09450627025417868,0.2208951686832046,0.1943179778397872,,,,,0.228569187733654,,,3,11.0
CME,2023-12-31,0.008607753134040502,0.06373457365001144,0.21539917727820573,0.21201677518317258,,,,,0.2465138166322449,,,3,11.0
CME,2022-12-31,0.0077444937319189975,0.061158858809317276,0.2126493475868574,0.20765000571139502,,,,,0.24316488457818095,,,3,11.0
CME,2021-12-31,0.007235795564127291,0.05895779339999681,0.2102211392338731,0.2072045168975702,,,,,0.2415283260568351,,,3,11.0
CME,2020-12-31,0.0075349662487946,0.0598859022186271,0.21017004663836925,0.20287038396892998,,,,,0.2383650100650963,,,3,11.0
CMS,2023-12-31,0.01151321118611379,0.05368556056388997,0.200983859980087,0.19293092475644977,,,,,0.22611173564089826,,,10,10.0
CMS,2022-12-31,0.013262873674059789,0.05315338807614324,0.20091180631976105,0.1925229679672329,,,,,0.2247000078429322,,,10,10.0
CMS,2021-12-31,0.011308003857280617,0.05255203316498944,0.20040088036472253,0.19673308203195117,,,,,0.22475229405767166,,,10,10.0
CMS,2020-12-31,0.009902410800385729,0.05245092039231755,0.20095110831630247,0.1918539188329172,,,,,0.22527515620506652,,,10,10.0
KO,2023-12-31,0.0705944069431051,0.18338663927752263,0.27859220248388616,0.2731107521091366,,,,,0.28106454733209585,,,1,9.0
KO,2022-12-31,0.06635139826422372,0.1715191928007706,0.27177330608394906,0.26354824496989276,,,,,0.27756137094455047,,,1,9.0
KO,2021-12-31,0.05964127290260367,0.1624403301598114,0.2652033223287743,0.2654166870645061,,,,,0.2907897832736399,,,1,9.0
KO,2020-12-31,0.05093770491803279,0.1426594787902655,0.2565961850862024,0.24890259623700656,,,,,0.27405819455700503,,,1,9.0
CTSH,2023-12-31,0.029859980713596915,0.07405180166995726,0.2120080700099565,0.20304009399324421,,,,,0.23973229458053383,,,6,9.0
CTSH,2022-12-31,0.02997569913211186,0.07560042360930025,0.21233558664780172,0.2043781922618756,,,,,0.2413531672374578,,,6,9.0
CTSH,2021-12-31,0.028554676952748312,0.07519065079373527,0.21140543939632134,0.20312984448687194,,,,,0.24038587226477737,,,6,9.0
CTSH,2020-12-31,0.025692574734811957,0.07028402045671042,0.20814992401614002,0.19705128832754032,,,,,0.24067344644584454,,,6,9.0
CL,2023-12-31,0.030020443587270972,0.09872863992677305,0.21965230833726354,0.20445978361971898,,,,,0.2467647904629944,,,1,9.0
CL,2022-12-31,0.027721504339440695,0.09299182050886333,0.21658675260703245,0.20025782869078504,,,,,0.24038587226477737,,,1,9.0
CL,2021-12-31,0.02687907425265188,0.09366767956830167,0.21850600010480534,0.20336645942461773,,,,,0.2418498862774829,,,1,9.0
CL,2020-12-31,0.025413307618129218,0.09176250206216839,0.2182767384583137,0.20768264225453237,,,,,0.2428433243575331,,,1,9.0
CMCSA,2023-12-31,0.18757492767598843,0.489790270822579,0.3456021065870146,0.3112465527651311,,,,,0.3626833285404303,,,0,8.5
CMCSA,2022-12-31,0.18735120540019287,0.48129679791814123,0.34108892731750773,0.2295083304776358,,,,,0.3362265038822514,,,0,8.5
CMCSA,2021-12-31,0.1795718418514947,0.4532034122899914,0.3292524760257821,0.30121897488618005,,,,,0.3597553005150192,,,0,8.5
CMCSA,2020-12-31,0.15979016393442622,0.41333304950800653,0.30747916994183305,0.27164210766795577,,,,,0.31021411204935817,,,0,8.5
CMA,2023-12-31,0.005542140790742526,0.09450627025417868,0.2208951686832046,0.19288196994174375,,,,,0.22914433609578833,,,3,11.0
CMA,2022-12-31,0.0054526518804243005,0.09450627025417868,0.2208951686832046,0.19508493660351495,,,,,0.23076520875271234,,,3,11.0
CMA,2021-12-31,0.004577820636451302,0.09450627025417868,0.2208951686832046,0.19522364191184868,,,,,0.2306867794306031,,,3,11.0
CMA,2020-12-31,0.004492960462873674,0.09450627025417868,0.2208951686832046,0.18974886180055806,,,,,0.22551044417139418,,,3,11.0
CAG,2024-05-31,0.018593481195756992,0.056194221671128045,0.19848032280039826,0.18852662326006428,,,,,0.22913126454210345,,,1,9.0
CAG,2023-05-31,0.018942333654773384,0.055829151344533784,0.19993777183880942,0.1912713565379155,,,,,0.22798619643930876,,,1,9.0
CAG,2022-05-31,0.017798881388621023,0.053562096546732725,0.20171094691610333,0.19294071571939098,,,,,0.22986327154845623,,,1,9.0
CAG,2021-05-31,0.017257010607521696,0.055373611695022584,0.20452890006812346,0.19629085687244005,,,,,0.22733523306580217,,,1,9.0
COP,2023-12-31,0.08662063645130183,0.13532614190911557,0.29131949903055077,0.27509342210473064,,,,,0.3616376042456406,,,2,12.0
COP,2022-12-31,0.12110935390549663,0.1981757127120042,0.35967877168160145,0.33810642776717087,,,,,0.4718830880238425,,,2,12.0
COP,2021-12-31,0.0707085824493732,0.11704601695501546,0.2719632657338993,0.25161142931740665,,,,,0.3433897153015607,,,2,12.0
COP,2020-12-31,0.028982063645130184,0.04293035458652858,0.1811036000628832,0.16365594556224602,,,,,0.20958929178322133,,,2,12.0
ED,2023-12-31,0.022623722275795566,0.07786215668222385,0.20816302468165385,0.20624663435648893,,,,,0.23500039214661053,,,10,10.0
ED,2022-12-31,0.024177434908389587,0.07935223964791469,0.2100822721794267,0.19923793671774284,,,,,0.23528796632767768,,,10,10.0
ED,2021-12-31,0.021100867888138863,0.07926177032499773,0.21140543939632134,0.1966759680814608,,,,,0.22723588925779717,,,10,10.0
ED,2020-12-31,0.01889450337512054,0.07649979511359221,0.21027878216213383,0.19467697981429805,,,,,0.22462157852082296,,,10,10.0
STZ,2024-02-29,0.015370183220829316,0.0651565385372707,0.21365678876486927,0.1997878624696072,,,,,0.23420564168257038,,,1,9.0
STZ,2023-02-28,0.01458453230472517,0.06383408990522008,0.211516140019913,0.18511447267505424,,,,,0.23330370447831428,,,1,9.0
STZ,2022-02-28,0.01360956605593057,0.06350573948028035,0.21252947649740608,0.18536414223005498,,,,,0.23035737627774436,,,1,9.0
STZ,2021-02-28,0.013292034715525555,0.06222160726734749,0.2111768327831054,0.20199572461284898,,,,,0.23563044103422132,,,1,9.0
GLW,2023-12-31,0.0194221793635487,0.05937448445790249,0.1987239951789551,0.19043422920644243,,,,,0.22666074089566285,,,6,9.0
GLW,2022-12-31,0.0218923818707811,0.06243447626244618,0.20231357752973853,0.19643119400793066,,,,,0.23301351598651013,,,6,9.0
GLW,2021-12-31,0.02172729026036644,0.06539867701919547,0.20672850180789185,0.20124508412068992,,,,,0.23510496457608948,,,6,9.0
GLW,2020-12-31,0.01743953712632594,0.05724579450691558,0.19622831839857466,0.18987124883732312,,,,,0.22517058377558755,,,6,9.0
COST,2024-08-31,0.392598649951784,0.2092555439068911,0.2537140386731646,0.24580212463895823,,,,,0.28430629264594387,,,1,9.0
COST,2023-08-31,0.37383220829315333,0.19653129972486683,0.24604359901482997,0.23703105367079516,,,,,0.2796528195341298,,,1,9.0
COST,2022-08-31,0.350170106075217,0.1851853822861066,0.24394094219986376,0.23337576083941186,,,,,0.27259418054429946,,,1,9.0
COST,2021-08-31,0.3023012536162006,0.1728017284962402,0.23683383115862286,0.22654656418792118,,,,,0.26412381375650307,,,1,9.0
COTY,2024-06-30,0.00943953712632594,0.05941812260189773,0.1967156631556883,0.18642319805486202,,,,,0.22475490836840864,,,1,9.0
COTY,2023-06-30,0.008569488910318225,0.0573325386224183,0.19641303778231936,0.18984024412134265,,,,,0.22701628715589134,,,1,9.0
COTY,2022-06-30,0.008184223722275796,0.056384739421741374,0.19473156736362207,0.18781106705177786,,,,,0.22657708295207965,,,1,9.0
COTY,2021-06-30,0.007143529411764706,0.05318638277038353,0.19390164020332235,0.18405133728235504,,,,,0.21777208438995058,,,1,9.0
CCI,2023-12-31,0.010771070395371262,0.06506873007679248,0.20919142692448778,0.19794879326381748,,,,,0.22294841964915948,,,8,9.5
CCI,2022-12-31,0.010778784956605593,0.0646270269119627,0.20883115862285806,0.1993603237545079,,,,,0.22268698857546207,,,8,9.5
CCI,2021-12-31,0.009782063645130182,0.06158832200692888,0.2051957239427763,0.19463618413537637,,,,,0.22281770411231078,,,8,9.5
CCI,2020-12-31,0.009010607521697203,0.05905518096525446,0.2050254152910968,0.19430981870400285,,,,,0.22279156100494102,,,8,9.5
CSX,2023-12-31,0.02261446480231437,0.06786795736234028,0.2292878478226694,0.21600496075455686,,,,,0.25301299312436276,,,5,10.0
CSX,2022-12-31,0.022916875602700098,0.06924096238072684,0.23130535031179583,0.21968473099329316,,,,,0.25489529685498413,,,5,10.0
CSX,2021-12-31,0.019320347155255546,0.06580844983476045,0.22698213069223916,0.21654346371632316,,,,,0.25285613448014427,,,5,10.0
CSX,2020-12-31,0.01632864030858245,0.06148188750937954,0.22151260284022428,0.208253781759436,,,,,0.24480405741026376,,,5,10.0
CMI,2023-12-31,0.05255930568948891,0.08235369247880622,0.202143268878059,0.19169073611723045,,,,,0.24281718125016338,,,5,10.0
CMI,2022-12-31,0.04331571841851495,0.07421145341628128,0.21032463449143218,0.20324407238785266,,,,,0.2388957151447021,,,5,10.0
CMI,2021-12-31,0.03706229508196721,0.06876200714175479,0.2073049310904994,0.2030808896721659,,,,,0.23761470288358472,,,5,10.0
CMI,2020-12-31,0.030566634522661524,0.06449930551490349,0.20499266362731228,0.2002904652339224,,,,,0.2360461164414002,,,5,10.0
CVS,2023-12-31,0.5520169720347156,0.32812159077000036,0.28852250694335274,0.2537736003002562,,,,,0.29560011502967243,,,1,9.0
CVS,2022-12-31,0.49753828351012536,0.32849943323630054,0.29959911963527747,0.22086780568202213,,,,,0.2617186478784868,,,1,9.0
CVS,2021-12-31,0.4507016393442623,0.31582308457817343,0.29179767332180473,0.25097501672622835,,,,,0.28888133643564873,,,1,9.0
CVS,2020-12-31,0.4145897782063645,0.299464102304839,0.2840158780066028,0.2442682071115027,,,,,0.2894303416904133,,,1,9.0
DHI,2024-09-30,0.05678133076181292,0.08919955936118015,0.23177631923701725,0.22450188476036614,,,,,0.26092651172518366,,,0,8.5
DHI,2023-09-30,0.05471228543876567,0.08821504025884869,0.23286170937483625,0.22441458200747375,,,,,0.26199315050586913,,,0,8.5
DHI,2022-09-30,0.051656702025072325,0.09435471424998271,0.24248283812817692,0.23348590917250042,,,,,0.26760346134741575,,,0,8.5
DHI,2021-09-30,0.04285315332690453,0.08036336737463345,0.22773410889273177,0.21976469052397968,,,,,0.25272803325403254,,,0,8.5
DHR,2023-12-31,0.036860173577627775,0.11313987089495448,0.22747340564900698,0.22456389419232714,,,,,0.24378447622284383,,,4,8.0
DHR,2022-12-31,0.04110781099324976,0.12460286628101899,0.2422575066813394,0.24451298118503287,,,,,0.24365376068599512,,,4,8.0
DHR,2021-12-31,0.038267309546769525,0.11955254937230256,0.23473117434365667,0.2381814918163868,,,,,0.2500849650989516,,,4,8.0
DHR,2020-12-31,0.03438225650916104,0.10484330181098298,0.22060865691977152,0.21544198038543755,,,,,0.24446419701445712,,,4,8.0
DRI,2024-05-31,0.017573770491803278,0.05128120526425024,0.2015838704606194,0.19407809924772768,,,,,0.22605944942615877,,,0,8.5
DRI,2023-05-31,0.01618175506268081,0.04954206557429394,0.2006969554053346,0.19370522674238344,,,,,0.22585030456720084,,,0,8.5
DRI,2022-05-31,0.01485824493731919,0.04907162509512583,0.20049389508987056,0.1934677958910592,,,,,0.22589736216046638,,,0,8.5
DRI,2021-05-31,0.01110295081967213,0.046402780069075986,0.19718663208090972,0.19082831546482595,,,,,0.22080729915557762,,,0,8.5
DVA,2023-12-31,0.01873118148505304,0.05878606133820094,0.20338130142011215,0.1913360992803642,,,,,0.2280232150793443,,,4,8.0
DVA,2022-12-31,0.01791304763741562,0.05655046325615058,0.20149178588272285,0.19026615100928507,,,,,0.22744730856709627,,,4,8.0
DVA,2021-12-31,0.01792678418514947,0.057859831088452385,0.2044911242991144,0.19367707772392745,,,,,0.23028762646728188,,,4,8.0
DVA,2020-12-31,0.01782156837029894,0.05741072008259317,0.20392477597861972,0.19200602144220882,,,,,0.23047585684034402,,,4,8.0
DE,2024-10-31,0.07794484088717454,0.14220181045080332,0.26774485143845306,0.24362363538454004,,,,,0.2770123656897859,,,5,10.0
DE,2023-10-31,0.09295737704918033,0.15716117908136384,0.2884701042812975,0.26863954569931947,,,,,0.29732556011607536,,,5,10.0
DE,2022-10-31,0.07912362584378013,0.12216551628713898,0.25201750248912647,0.2438765685938545,,,,,0.2747379153486183,,,5,10.0
DE,2021-10-31,0.06639614271938284,0.1114422406590424,0.24308939894146625,0.23434669799774804,,,,,0.26561397087657834,,,5,10.0
DAL,2023-12-31,0.08956297010607522,0.11367736510757867,0.22746030498349318,0.22329922814575479,,,,,0.24838566311991842,,,5,10.0
DAL,2022-12-31,0.07804358727097396,0.09484910249109942,0.2187876644133522,0.19644751227949933,,,,,0.2378499908499124,,,5,10.0
DAL,2021-12-31,0.04613153326904532,0.04980602312821632,0.20820232667819527,0.18797832933535677,,,,,0.22535358552717574,,,5,10.0
DAL,2020-12-31,0.02637608486017358,0.015209489699801498,0.16648980768223026,0.08464287462671953,,,,,0.13855846905963243,,,5,10.0
XRAY,2023-12-31,0.00611764705882353,0.04955590205897535,0.19474139286275743,0.18461676539220964,,,,,0.22114454524064728,,,4,8.0
XRAY,2022-12-31,0.006051301832208293,0.04977409277895151,0.19523266781952525,0.17794259232062137,,,,,0.2195236725837233,,,4,8.0
XRAY,2021-12-31,0.006528061716489874,0.050944872251994316,0.19698815699837552,0.189047176123105,,,,,0.22577187524509162,,,4,8.0
XRAY,2020-12-31,0.005151783992285439,0.04726756036166442,0.19440732589215534,0.18509815440348557,,,,,0.22286999032705027,,,4,8.0
DVN,2023-12-31,0.02354175506268081,0.06701648138194552,0.2250563328617094,0.21626605309965566,,,,,0.24425505215549917,,,2,12.0
DVN,2022-12-31,0.029576084860173577,0.0829922994641023,0.24477283445999057,0.23477097305853362,,,,,0.2677054194661577,,,2,12.0
DVN,2021-12-31,0.0188327868852459,0.058033409788780736,0.21415657915422104,0.20864542027708424,,,,,0.22396800083657942,,,2,12.0
DVN,2020-12-31,0.007449180327868852,0.04054090011654577,0.19202300476864226,0.16382728741371713,,,,,0.20796841912629732,,,2,12.0
DLR,2023-12-31,0.008450624493731919,0.053775976669558134,0.197659867421265,0.19343546939508166,,,,,0.2242445687694439,,,8,9.5
DLR,2022-12-31,0.007239088138862102,0.05268652379609279,0.19722877692186763,0.18877534635531404,,,,,0.22309351389506155,,,8,9.5
DLR,2021-12-31,0.006831833365477338,0.05255502397437057,0.19787065712938218,0.19963984758734352,,,,,0.22417189093095602,,,8,9.5
DLR,2020-12-31,0.006022926133076182,0.05117100830721253,0.19728731069538333,0.1886016709910086,,,,,0.22326336566364277,,,8,9.5
DFS,2023-12-31,0.024368756027000966,0.09450627025417868,0.2208951686832046,0.20850671496875048,,,,,0.24425505215549917,,,3,11.0
DFS,2022-12-31,0.02039112825458052,0.09450627025417868,0.2208951686832046,0.2209086013609438,,,,,0.2569083161224543,,,3,11.0
DFS,2021-12-31,0.018525747348119577,0.09450627025417868,0.2208951686832046,0.22965519492175387,,,,,0.2639930982196544,,,3,11.0
DFS,2020-12-31,0.017107810993249758,0.09450627025417868,0.2208951686832046,0.19500334524567156,,,,,0.22995477242425033,,,3,11.0
DG,2024-01-31,0.05969775737704918,0.10082020552501476,0.20891827804852486,0.1992483314567321,,,,,0.2342486470941936,,,0,8.5
DG,2023-01-31,0.058391302603664416,0.10135809354527989,0.21469568464077976,0.20540615362020853,,,,,0.24058521345847164,,,0,8.5
DG,2022-01-31,0.05279914985535198,0.09599862699498161,0.21399069197715245,0.2052694309818704,,,,,0.23962555227314317,,,0,8.5
DG,2021-01-31,0.05206841118611379,0.09549761852811733,0.21617909264790652,0.2073566847799481,,,,,0.24185851350291493,,,0,8.5
DLTR,2024-01-31,0.04721897782063645,0.0881160561761278,0.19412042131740292,0.17754769014865943,,,,,0.22252228699903268,,,0,8.5
DLTR,2023-01-31,0.04371332690453231,0.08600652443469978,0.207542708169575,0.19887403926176137,,,,,0.2352147656270424,,,0,8.5
DLTR,2022-01-31,0.04061130183220829,0.07963056585900621,0.2047594717811665,0.19652828772376427,,,,,0.23022404643015867,,,0,8.5
DLTR,2021-01-31,0.03935861137897782,0.07990197382775704,0.20526057223706964,0.196642515624745,,,,,0.23267104127996652,,,0,8.5
D,2023-12-31,0.022207135969141756,0.07548334566199597,0.21709112822931406,0.20196308806971164,,,,,0.2373009855951478,,,10,10.0
D,2022-12-31,0.021505110896817742,0.07239142350818747,0.21424828381281769,0.19647198968685234,,,,,0.22522286999032703,,,10,10.0
D,2021-12-31,0.017618514946962392,0.06725595900143154,0.20995781585704554,0.21342667384670613,,,,,0.2175367964236229,,,10,10.0
D,2020-12-31,0.02186615236258438,0.0773140190198447,0.2197440129958602,0.18242195786622278,,,,,0.22443857676923476,,,10,10.0
DOV,2023-12-31,0.013019300289296046,0.05487035213853514,0.20184420033537703,0.19431657446843228,,,,,0.22784183420041304,,,5,10.0
DOV,2022-12-31,0.013127233172613308,0.05475818614329277,0.20192926950689097,0.1943863187611168,,,,,0.2280758411544796,,,5,10.0
DOV,2021-12-31,0.012199932111861139,0.05425916800153266,0.2012885028559451,0.19486315497462506,,,,,0.22951054874382368,,,5,10.0
DOV,2020-12-31,0.010312455159112825,0.05162083242420533,0.19900557433317614,0.19127014082668362,,,,,0.22640670832135107,,,5,10.0
DTE,2023-12-31,0.019664416586306653,0.06148188750937954,0.20790756170413457,0.19709208400646203,,,,,0.22668688400303258,,,10,10.0
DTE,2022-12-31,0.029667116682738668,0.0579748708151286,0.2045079390033014,0.19453011537017997,,,,,0.2230268489712687,,,10,10.0
DTE,2021-12-31,0.023088138862102217,0.056208058155809454,0.2029686108054289,0.19309410747213654,,,,,0.21887009489947973,,,10,10.0
DTE,2020-12-31,0.017624686595949856,0.055904719837793826,0.20315857045537913,0.19685546906871623,,,,,0.22323599383022663,,,10,10.0
DUK,2023-12-31,0.04483702989392478,0.11166043137901857,0.23942121259759996,0.20887387607904567,,,,,0.23371937988549316,,,10,10.0
DUK,2022-12-31,0.04438649951783992,0.10750948597459409,0.23497353665566212,0.2064995675658034,,,,,0.23011163106846877,,,10,10.0
DUK,2021-12-31,0.03798804243008679,0.10209197004933238,0.23115469265838706,0.21757967396093403,,,,,0.22927505163263703,,,10,10.0
DUK,2020-12-31,0.03605168756027001,0.09887232649846468,0.22916994183304512,0.19692890129077525,,,,,0.2178505137120598,,,10,10.0
DXC,2024-03-31,0.021086981677917067,0.054904235560829975,0.1928810983597967,0.18643625267211694,,,,,0.22286999032705027,,,6,9.0
DXC,2023-03-31,0.022264223722275794,0.05539915597443443,0.18542026934968298,0.1810593821902384,,,,,0.2139290476065985,,,6,9.0
DXC,2022-03-31,0.02509546769527483,0.05751720247566641,0.200368128700938,0.1915520308088967,,,,,0.2328566573422917,,,6,9.0
DXC,2021-03-31,0.027354291224686595,0.05784182769319192,0.1903199182518472,0.1844780600838759,,,,,0.24318318475333975,,,6,9.0
EMN,2023-12-31,0.014210221793635487,0.04942285893703867,0.19979824975108737,0.19298803870694015,,,,,0.2272620323651669,,,7,9.0
EMN,2022-12-31,0.01632401157184185,0.04982731002772618,0.20106901430592675,0.19216396599272204,,,,,0.22700060129146948,,,7,9.0
EMN,2021-12-31,0.01616354869816779,0.05175909615824681,0.20509746895142275,0.19268615068291964,,,,,0.2278894669420407,,,7,9.0
EMN,2020-12-31,0.013073095467695275,0.04896519059757648,0.20006681339412044,0.18959383822065565,,,,,0.2233405662597056,,,7,9.0
ETN,2023-12-31,0.035789392478302796,0.08333821158113768,0.21834224178588274,0.21194987026974102,,,,,0.23805913570887033,,,5,10.0
ETN,2022-12-31,0.03201851494696239,0.07510550319569578,0.21251244563223812,0.20578156361678168,,,,,0.23390238163708135,,,5,10.0
ETN,2021-12-31,0.030284281581485054,0.07216791106333384,0.20902766860556518,0.2031869584373623,,,,,0.24187602938485267,,,5,10.0
ETN,2020-12-31,0.027553326904532306,0.0674581845467753,0.20484200597390348,0.19719815277165842,,,,,0.23092206739693077,,,5,10.0
EBAY,2023-12-31,0.015601928640308583,0.07719161934766297,0.20560839490646127,0.20827010003100468,,,,,0.2466340749261457,,,6,9.0
EBAY,2022-12-31,0.015112825458052074,0.07631885646775832,0.20828748100403502,0.17533982800541764,,,,,0.21371990274764058,,,6,9.0
EBAY,2021-12-31,0.0160771456123433,0.0798045862624994,0.21204082167374103,0.29672329106900996,,,,,0.2260855925335285,,,6,9.0
EBAY,2020-12-31,0.013722661523625843,0.07622306541996392,0.21016087617250956,0.2319315938055841,,,,,0.2446994849807848,,,6,9.0
ECL,2023-12-31,0.023637724204435873,0.07126481435162765,0.20667413404600954,0.19689055335258887,,,,,0.23174557527907766,,,7,9.0
ECL,2022-12-31,0.02189053037608486,0.06696219978819534,0.2040494157103181,0.1946010998515037,,,,,0.2283992575357507,,,7,9.0
ECL,2021-12-31,0.019646055930568947,0.06568764668004193,0.20403762511135567,0.19491277883846542,,,,,0.22933256646885047,,,7,9.0
ECL,2020-12-31,0.018191243972999035,0.0644482169560798,0.20321293821726144,0.17586119678203682,,,,,0.22688557161904263,,,7,9.0
EIX,2023-12-31,0.025208100289296046,0.07418484479189394,0.21010847351045434,0.19717367536430538,,,,,0.22509215445347833,,,10,10.0
EIX,2022-12-31,0.026568948891031823,0.07102906193955585,0.2029293088088875,0.1924168992020365,,,,,0.218033515463648,,,10,10.0
EIX,2021-12-31,0.022997107039537126,0.06889505026369147,0.20302101346748416,0.1932409719162546,,,,,0.2187132362552613,,,10,10.0
EIX,2020-12-31,0.020949662487945997,0.06526031217238132,0.1992349211339936,0.19280037858390037,,,,,0.2142950511097749,,,10,10.0
EW,2023-12-31,0.009264879459980713,0.0630677615228648,0.20421710422889483,0.19713614333969745,,,,,0.22746333429191393,,,4,8.0
EW,2022-12-31,0.00830457087753134,0.061348844387442855,0.2046140543939632,0.1981111600659258,,,,,0.22868683171681783,,,4,8.0
EW,2021-12-31,0.008073288331726132,0.05965440718645727,0.20328826704396585,0.19795776831318024,,,,,0.22746856291338785,,,4,8.0
EW,2020-12-31,0.006767675988428158,0.056046809892022195,0.20151836713305038,0.1924120037205659,,,,,0.2247078507751431,,,4,8.0
EA,2024-03-31,0.011667502410800386,0.06959751794751715,0.20324372478121888,0.19608035116920414,,,,,0.23052992078638465,,,6,9.0
EA,2023-03-31,0.011457666345226615,0.06843738192422928,0.20234632919352305,0.19223739821478106,,,,,0.23596768711929098,,,6,9.0
EA,2022-03-31,0.010786499517839923,0.0657658760357407,0.20028952470785516,0.1921313294495847,,,,,0.22990248620951084,,,6,9.0
EA,2021-03-31,0.008685053037608486,0.06046011633290582,0.19974584708903212,0.1925229679672329,,,,,0.22697445818409975,,,6,9.0
EMR,2024-09-30,0.026988621022179363,0.08573830950087542,0.21035738615521668,0.20175095053931885,,,,,0.2331180884159891,,,5,10.0
EMR,2023-09-30,0.023398264223722275,0.07797923462952812,0.21096656710160877,0.29354938724890256,,,,,0.23905257378892053,,,5,10.0
EMR,2022-09-30,0.021298360655737706,0.07201358104188729,0.20832678300057644,0.2120559390349374,,,,,0.23662126480353451,,,5,10.0
EMR,2021-09-30,0.01995294117647059,0.06894826751246613,0.20572630089608554,0.20448426102707198,,,,,0.2313142140074769,,,5,10.0
ETR,2023-12-31,0.018742390742526517,0.06681657610864833,0.21032236807629828,0.20496817937044107,,,,,0.20421596820998142,,,10,10.0
ETR,2022-12-31,0.021237009836065572,0.06652875061865052,0.20525671409107582,0.19464546923189893,,,,,0.22124969281848839,,,10,10.0
ETR,2021-12-31,0.01811825805207329,0.06438151445646563,0.2067104949431431,0.19482155154126074,,,,,0.22727180988732318,,,10,10.0
ETR,2020-12-31,0.015604452844744455,0.06218017231745153,0.20465740449614842,0.19717084414418823,,,,,0.21909215445347832,,,10,10.0
EOG,2023-12-31,0.03576779170684667,0.13197345523631118,0.25113975789970133,0.24765424846200287,,,,,0.27703850879715564,,,2,12.0
EOG,2022-12-31,0.04550356798457088,0.1661655375740385,0.28627574280773466,0.2490005058664186,,,,,0.2782672348435335,,,2,12.0
EOG,2021-12-31,0.030347540983606557,0.11468317110941997,0.24276188230362103,0.22374798061389334,,,,,0.2554443021097487,,,2,12.0
EOG,2020-12-31,0.015234715525554485,0.0648079655577966,0.19589425142797254,0.1807574941662179,,,,,0.21876552247000075,,,2,12.0
EQT,2023-12-31,0.00782253731918997,0.05486240680329308,0.19720824162867473,0.19985176482107014,,,,,0.23191430289404197,,,2,12.0
EQT,2022-12-31,0.018731912825458052,0.0925962779856207,0.2437082023266782,0.20014331522005188,,,,,0.2367446602703197,,,2,12.0
EQT,2021-12-31,0.010553064609450338,0.06473199261344587,0.21098758056909292,0.17636994337559764,,,,,0.21107848160832393,,,2,12.0
EQT,2020-12-31,0.004102031243972999,0.04422222990915815,0.18753221453649846,0.177870800084855,,,,,0.21454882225301297,,,2,12.0
EFX,2023-12-31,0.00812374156219865,0.05404797002804549,0.19900958968715612,0.19014294805894158,,,,,0.2266136833023973,,,5,10.0
EFX,2022-12-31,0.007903105110896818,0.054127263728719746,0.19981135041660117,0.19137416164879814,,,,,0.22826854199890198,,,5,10.0
EFX,2021-12-31,0.007597145612343298,0.054116620278964814,0.2003484777026673,0.19176580016644634,,,,,0.2275156205066534,,,5,10.0
EFX,2020-12-31,0.006368370298939247,0.051174238594213155,0.19732615416863178,0.18993733783717626,,,,,0.22642545292933516,,,5,10.0
EQIX,2023-12-31,0.01263357531340405,0.05953135826384047,0.20239637373578578,0.19360142621693507,,,,,0.22632741627669864,,,8,9.5
EQIX,2022-12-31,0.011206333654773385,0.05714257433119223,0.20092715374941048,0.19144061780976157,,,,,0.22553114951243103,,,8,9.5
EQIX,2021-12-31,0.010238051301832208,0.05528801175036853,0.20023113504166012,0.18977489760284588,,,,,0.2251241536168989,,,8,9.5
EQIX,2020-12-31,0.009255228543876568,0.05401659845989282,0.2001969554053346,0.18871083206866726,,,,,0.22608954014274135,,,8,9.5
EQR,2023-12-31,0.0044342742526518805,0.048180081848128616,0.19864569250117906,0.19251022339713775,,,,,0.22229871114480665,,,8,9.5
EQR,2022-12-31,0.004220142719382835,0.04778163366310288,0.1982112416810774,0.19203269365708783,,,,,0.22229222765417894,,,8,9.5
EQR,2021-12-31,0.003801731147540984,0.04651828810754141,0.1969582023266782,0.19656867544589676,,,,,0.22229261980078951,,,8,9.5
EQR,2020-12-31,0.003967915139826422,0.04726394158874774,0.1980439592831316,0.19314825149720138,,,,,0.22229097278502521,,,8,9.5
ESS,2023-12-31,0.0025757299903567984,0.04610591296851135,0.19829892443536132,0.18900495259542108,,,,,0.24273910058299436,,,8,9.5
ESS,2022-12-31,0.0024791729990356797,0.045810429516414855,0.1981117486768328,0.18902526884352408,,,,,0.22200109801050952,,,8,9.5
ESS,2021-12-31,0.0022226514946962392,0.04496845813665125,0.19706287009380077,0.18967994973972355,,,,,0.2226783090638153,,,8,9.5
ESS,2020-12-31,0.0023078079074252654,0.045288751470126495,0.19743540716868418,0.1903352588893784,,,,,0.22230872395492926,,,8,9.5
EL,2024-06-30,0.024081774349083897,0.09797295499417272,0.20313236912435154,0.18887583427163393,,,,,0.2317586468327625,,,1,9.0
EL,2023-06-30,0.024547733847637417,0.0988350744243224,0.20449483833778756,0.19390186191478598,,,,,0.23238608140963632,,,1,9.0
EL,2022-06-30,0.027366634522661522,0.10993619251871917,0.21610857831577845,0.20519410584030937,,,,,0.23868657028574414,,,1,9.0
EL,2021-06-30,0.025018322082931532,0.10434305967250104,0.2126107006235917,0.20911049101679147,,,,,0.23418995581814853,,,1,9.0
ES,2023-12-31,0.018377172613307617,0.0642479125534168,0.20861064167059687,0.1820854751064767,,,,,0.22644333481477608,,,10,10.0
ES,2022-12-31,0.018961367020250725,0.0672449643178347,0.20729283917623015,0.19715633720076367,,,,,0.23412653263966954,,,10,10.0
ES,2021-12-31,0.015217874638379942,0.06373859687401881,0.20595111486663523,0.19565221683719258,,,,,0.23126775770568087,,,10,10.0
ES,2020-12-31,0.013738754098360655,0.06206375426403206,0.2059210684902793,0.19552689251154515,,,,,0.23131907662544768,,,10,10.0
EXC,2023-12-31,0.0335228543876567,0.08596182194572904,0.21918068437876645,0.20468823942168043,,,,,0.23204622101382968,,,10,10.0
EXC,2022-12-31,0.029435679845708777,0.08119887818039583,0.21462165277996123,0.20339909596775507,,,,,0.23139264332958615,,,10,10.0
EXC,2021-12-31,0.02767675988428158,0.0757387884561144,0.21046219147932715,0.19961325696382237,,,,,0.2232621369375964,,,10,10.0
EXC,2020-12-31,0.05097627772420443,0.08915485687220942,0.21122858041188494,0.20171015486039717,,,,,0.23202007790645995,,,10,10.0
EXPE,2023-12-31,0.019809450337512052,0.09840933643412503,0.20250353717968875,0.19219660253585938,,,,,0.23089592428956104,,,0,8.5
EXPE,2022-12-31,0.01800115718418515,0.09172524998802611,0.2006825446732694,0.1885657871118291,,,,,0.22736660479464588,,,0,8.5
EXPE,2021-12-31,0.01326595949855352,0.07611130919753711,0.19461038620761936,0.18579168094515428,,,,,0.22088311416694986,,,0,8.5
EXPE,2020-12-31,0.008021600771456123,0.05734690727958745,0.182891840905518,0.16438210864705208,,,,,0.21121016444014534,,,0,8.5
EXPD,2023-12-31,0.014349253616200578,0.04508286457806704,0.19905107294450558,0.19183664594246175,,,,,0.22915084572952338,,,5,10.0
EXPD,2022-12-31,0.026339493153326905,0.05000894049779414,0.20484443614735628,0.19676897407026644,,,,,0.23469415178688136,,,5,10.0
EXPD,2021-12-31,0.025494336740597878,0.04997851087494479,0.20540091966671908,0.197242962745386,,,,,0.23549112441504796,,,5,10.0
EXPD,2020-12-31,0.014787877338476373,0.044642699391726846,0.19905437431221507,0.1913736721006511,,,,,0.22902277064651902,,,5,10.0
EXR,2023-12-31,0.003950231822565092,0.048509299714223374,0.20099612875334066,0.1922471728594507,,,,,0.22283231810933046,,,8,9.5
EXR,2022-12-31,0.0029688254580520733,0.04619931988356066,0.1996914858774826,0.19271624157569228,,,,,0.22281574337925802,,,8,9.5
EXR,2021-12-31,0.0024337311475409835,0.04473051317392993,0.19836499109154745,0.19244667188851355,,,,,0.22280003137172882,,,8,9.5
EXR,2020-12-31,0.0020925161041465768,0.043612083508506774,0.19713924042341352,0.18962467159478466,,,,,0.22262973517032233,,,8,9.5
XOM,2023-12-31,0.5164081002892961,0.48623535860443085,0.48412854373002145,0.4795042509097436,,,,,0.625630702465295,,,2,12.0
XOM,2022-12-31,0.6151205400192864,0.5869490019104993,0.6122989047843631,0.6404839999347269,,,,,0.7497320331494601,,,2,12.0
XOM,2021-12-31,0.42691147540983604,0.3837602243639208,0.3502266415133889,0.37368025978688335,,,,,0.42189746673289585,,,2,12.0
XOM,2020-12-31,0.27552401157184186,0.08170444204375521,0.0,0.0026027643152037316,,,,,0.07503071815115944,,,2,12.0
FFIV,2024-09-30,0.004345026036644166,0.050473755913766766,0.19726488235602369,0.1903181899773176,,,,,0.22563297691563616,,,6,9.0
FFIV,2023-09-30,0.004340472902603664,0.050268273472798,0.19641798983388356,0.18891620567549483,,,,,0.22464876735248748,,,6,9.0
FFIV,2022-09-30,0.004159452266152362,0.04992958293642135,0.19559097757166063,0.18832231850002445,,,,,0.2239218059658571,,,6,9.0
FFIV,2021-09-30,0.004016842430086789,0.04968506032175148,0.1954751938898496,0.18839641161208204,,,,,0.22372476536561134,,,6,9.0
FAST,2023-12-31,0.011335313404050145,0.056306510066042606,0.2029076927107897,0.1951175731466523,,,,,0.2318632192622415,,,5,10.0
FAST,2022-12-31,0.010770453230472517,0.05556838682553789,0.2024157627207462,0.1945619359997389,,,,,0.23149983006980207,,,5,10.0
FAST,2021-12-31,0.009274291224686596,0.05323427829428074,0.20086857412356549,0.1932409719162546,,,,,0.2296619696217092,,,5,10.0
FAST,2020-12-31,0.008713288331726132,0.05211990910493909,0.20037336896714353,0.19270328486806676,,,,,0.2294214530339076,,,5,10.0
FRT,2023-12-31,0.0017468142719382835,0.04254750437711871,0.19549198894303832,0.1876273641095935,,,,,0.24273910058299436,,,8,9.5
FRT,2022-12-31,0.001657670973963356,0.04227363244974961,0.1952690287166588,0.18883904472838234,,,,,0.24273910058299436,,,8,9.5
FRT,2021-12-31,0.0014676551591128256,0.041831987823893475,0.19489057669129592,0.18782736900507496,,,,,0.24273910058299436,,,8,9.5
FRT,2020-12-31,0.001289093924783028,0.041356890835457585,0.19452277550699576,0.1867683784533542,,,,,0.24273910058299436,,,8,9.5
FDX,2024-05-31,0.1353026036644166,0.13931211384233858,0.2341481947282922,0.2210309883977089,,,,,0.26161407544900783,,,5,10.0
FDX,2023-05-31,0.13910125361620057,0.1404509629661166,0.22785987528166432,0.21810185865113166,,,,,0.2586337612088573,,,5,10.0
FDX,2022-05-31,0.14428081002892962,0.14577800956846132,0.2356220195985956,0.21691062482661835,,,,,0.2502418237431701,,,5,10.0
FDX,2021-05-31,0.1295413693346191,0.13400103241462621,0.2320193365822984,0.22837421060361285,,,,,0.2599932027920838,,,5,10.0
FIS,2023-12-31,0.015152941176470588,0.05801744461414833,0.20324372478121888,0.13140288180675902,,,,,0.22637316671459567,,,6,9.0
FIS,2022-12-31,0.014995564127290261,0.057096786210346494,0.20154718859718074,0.04927302100161551,,,,,0.23076520875271234,,,6,9.0
FIS,2021-12-31,0.014409257473481195,0.056277240579216535,0.2009773096473301,0.18909613093781105,,,,,0.2328043711275522,,,6,9.0
FIS,2020-12-31,0.019366634522661522,0.06082731534945106,0.1974008279620605,0.18698291476966758,,,,,0.22477843716504142,,,6,9.0
FITB,2023-12-31,0.01297589199614272,0.09450627025417868,0.2208951686832046,0.20485958127315151,,,,,0.2389741444668113,,,3,11.0
FITB,2022-12-31,0.012434329797492767,0.09450627025417868,0.2208951686832046,0.20565101744423228,,,,,0.23918328932576924,,,3,11.0
FITB,2021-12-31,0.011581099324975893,0.09450627025417868,0.2208951686832046,0.20829457743835772,,,,,0.24179760006274342,,,3,11.0
FITB,2020-12-31,0.011175313404050145,0.09450627025417868,0.2208951686832046,0.19733685807999216,,,,,0.2319416485843507,,,3,11.0
FE,2023-12-31,0.019857280617164897,0.08222064935686954,0.20773725305245508,0.19468513895008238,,,,,0.2292489085252673,,,10,10.0
FE,2022-12-31,0.019223143683702988,0.08031547185073626,0.20540533459099722,0.18900638044418333,,,,,0.24841180622728815,,,10,10.0
FE,2021-12-31,0.017175699132111862,0.07936288309766962,0.20499266362731228,0.19616194252704752,,,,,0.23063449321586363,,,10,10.0
FE,2020-12-31,0.0166480231436837,0.07953850001862603,0.20705601844573704,0.19449747882704263,,,,,0.22556273038613367,,,10,10.0
FLS,2023-12-31,0.006666271166827387,0.045249711296425396,0.19496187051302208,0.1872174328095168,,,,,0.22275396721654334,,,5,10.0
FLS,2022-12-31,0.0055778129218900675,0.04374614840161993,0.1940650710056071,0.18723331048775313,,,,,0.22112783979503803,,,5,10.0
FLS,2021-12-31,0.005463544840887175,0.044041131611577945,0.19454913404600954,0.18672140630864376,,,,,0.22220088363702908,,,5,10.0
FLS,2020-12-31,0.005752183606557377,0.04439792133426286,0.19445661059581829,0.18675788580473554,,,,,0.22387433008287363,,,5,10.0
FLR,2023-12-31,0.023875024108003857,0.040993246731130493,0.1945514332128072,0.18682789118976517,,,,,0.2284384721968053,,,5,10.0
FLR,2022-12-31,0.021205785920925747,0.04034399629607948,0.19390950060263062,0.1868768460044712,,,,,0.22673917021777207,,,5,10.0
FLR,2021-12-31,0.021841465766634524,0.040870847058948744,0.1930579573442331,0.18210375157063363,,,,,0.22279156100494102,,,5,10.0
FLR,2020-12-31,0.021844442044358727,0.04058095141797359,0.19419385054760782,0.18214417192930923,,,,,0.2226832239680008,,,5,10.0
FMC,2023-12-31,0.006922738669238187,0.0481988622152212,0.19780498349316145,0.1964760692547445,,,,,0.19300671877859402,,,7,9.0
FMC,2022-12-31,0.008952439729990358,0.05083737340946948,0.2009432479169942,0.19170297482090695,,,,,0.22606467804763272,,,7,9.0
FMC,2021-12-31,0.007784300867888139,0.049956627942248644,0.2003412723366347,0.1917282681418384,,,,,0.22468693628924732,,,7,9.0
FMC,2020-12-31,0.00716235294117647,0.04934675827129089,0.19963514646544045,0.19020087792301038,,,,,0.22622153669185116,,,7,9.0
FL,2024-01-31,0.012602507232401158,0.050551064611061736,0.1943483728973432,0.18300125650691076,,,,,0.21983738987216017,,,0,8.5
FL,2023-01-31,0.01351436837029894,0.05337690052099686,0.197433579625845,0.18848419575398573,,,,,0.22697445818409975,,,0,8.5
FL,2022-01-31,0.013836837029893925,0.05489891383595251,0.19971964575800452,0.1929798795711558,,,,,0.2313665002222164,,,0,8.5
FL,2021-01-31,0.011655159112825457,0.05010403972135448,0.19568464077975162,0.1883291721740833,,,,,0.22673917021777207,,,0,8.5
F,2023-12-31,0.27184725168756024,0.12445385798444991,0.2286459152124928,0.2211615345702583,,,,,0.2128048939896996,,,0,8.5
F,2022-12-31,0.24386808100289295,0.12979686976142707,0.2340040874076403,0.1695305233269692,,,,,0.19968105409008913,,,0,8.5
F,2021-12-31,0.2103621986499518,0.12593329750038582,0.22252135408478751,0.332044189879408,,,,,0.21887009489947973,,,0,8.5
F,2020-12-31,0.19617203471552555,0.06924096238072684,0.16402033223287743,0.17525823664757428,,,,,0.2264515960367049,,,0,8.5
FTV,2023-12-31,0.009358225650916104,0.057581595346683764,0.2003203112718126,0.19275795107782182,,,,,0.22553658727876394,,,5,10.0
FTV,2022-12-31,0.00898854387656702,0.05635387341745206,0.19947924854582613,0.19185555066007406,,,,,0.22536142845938667,,,5,10.0
FTV,2021-12-31,0.008107540983606557,0.05445774284361047,0.1982183094901221,0.1906577895269333,,,,,0.22392355755405086,,,5,10.0
FTV,2020-12-31,0.007150472516875603,0.05233650330745201,0.19642744851438454,0.19885690507661427,,,,,0.22371964131656685,,,5,10.0
BEN,2024-09-30,0.013080810028929605,0.07459674629740992,0.2004788293245297,0.18948613762830238,,,,,0.22789730987425164,,,3,11.0
BEN,2023-09-30,0.012110935390549662,0.07224720476400812,0.20230637216370592,0.19289665638615555,,,,,0.2304331912891166,,,3,11.0
BEN,2022-09-30,0.012768061716489875,0.07490274547786428,0.20563656133731595,0.19623455883552812,,,,,0.23262659799743796,,,3,11.0
BEN,2021-09-30,0.012999807135969143,0.07569036075972944,0.20641408583556045,0.20063478076402144,,,,,0.23140832919400797,,,3,11.0
FCX,2023-12-31,0.0352632594021215,0.07655833408724436,0.23367002043703822,0.20077185424519833,,,,,0.28161355258686044,,,7,9.0
FCX,2022-12-31,0.035147540983606555,0.07938416999717948,0.2389757899701305,0.21398965421582544,,,,,0.2815351232647512,,,7,9.0
FCX,2021-12-31,0.03524783027965284,0.08536578875945272,0.24717025624901745,0.22082701000310045,,,,,0.282371702700583,,,7,9.0
FCX,2020-12-31,0.02190626808100289,0.0519879303279779,0.20575905255987004,0.1905810936505605,,,,,0.2469477922145826,,,7,9.0
GRMN,2023-12-31,0.008066734040501447,0.0544463277437483,0.20004821044909082,0.19621608655211237,,,,,0.21993464223157563,,,0,8.5
GRMN,2022-12-31,0.007498994792671167,0.05339166830753184,0.19962692579783053,0.19363738352833665,,,,,0.22465789129695954,,,0,8.5
GRMN,2021-12-31,0.007688015429122469,0.053837011532177806,0.2008765655295289,0.1945235880615525,,,,,0.22552602546338657,,,0,8.5
GRMN,2020-12-31,0.0064595147540983605,0.05165977148513376,0.19979982183094902,0.19379027757379935,,,,,0.22517283208282135,,,0,8.5
IT,2023-12-31,0.009113914754098361,0.0597614590040924,0.20017208379185664,0.19289393123480358,,,,,0.2291878120833442,,,6,9.0
IT,2022-12-31,0.008448749855351977,0.05858194658052568,0.2001597298642771,0.19228471304319444,,,,,0.2280043920420381,,,6,9.0
IT,2021-12-31,0.0073040879459980715,0.05596256166548702,0.1989323350626212,0.19216853510876125,,,,,0.22687799011790538,,,6,9.0
IT,2020-12-31,0.006325019093539055,0.05311283121085206,0.1961459938164859,0.18787017999053537,,,,,0.22382128571802043,,,6,9.0
GD,2023-12-31,0.06522198649951784,0.07396133234704032,0.2207003615783682,0.21274130644082176,,,,,0.23975843768790356,,,5,10.0
GD,2022-12-31,0.06080154291224687,0.07369524610316695,0.22047765026463345,0.21335324162464708,,,,,0.2391571462183995,,,5,10.0
GD,2021-12-31,0.0593542912246866,0.07255639697938895,0.22016323429230206,0.21226807656533017,,,,,0.23837285299730723,,,5,10.0
GD,2020-12-31,0.05851494696239151,0.07211469381455918,0.21996672430959494,0.21153375434473978,,,,,0.23719641316566886,,,5,10.0
GE,2023-12-31,0.10484705882352942,0.13191491626265905,0.21630508829848558,0.26305053768704817,,,,,0.25264698962118637,,,5,10.0
GE,2022-12-31,0.08964165863066538,0.11203827384531875,0.194702090866216,0.1884597183466327,,,,,0.22219026953543697,,,5,10.0
GE,2021-12-31,0.08712671166827386,0.10812148433550281,0.19982445108211497,0.13398932785039408,,,,,0.2024783665786515,,,5,10.0
GE,2020-12-31,0.11700520732883317,0.13404892793852344,0.19557328512288424,0.23223348182960457,,,,,0.20953700556848184,,,5,10.0
GIS,2024-05-31,0.03063791706846673,0.07534551298766956,0.21695422627469477,0.20606386971491977,,,,,0.2378107761888578,,,1,9.0
GIS,2023-05-31,0.031003587270973965,0.07328973066750395,0.2128425824031861,0.20685775362673584,,,,,0.2382735091893022,,,1,9.0
GIS,2022-05-31,0.029304223722275795,0.07252553097509964,0.21421684221558457,0.20778299962467972,,,,,0.2375964027084259,,,1,9.0
GIS,2021-05-31,0.027968370298939248,0.07277086249195089,0.21496030498349317,0.20478451722393562,,,,,0.23871532770385084,,,1,9.0
GM,2023-12-31,0.2651371263259402,0.14030195466954748,0.25379919299900433,0.2683213394037303,,,,,0.2369872683067109,,,0,8.5
GM,2022-12-31,0.24182835101253616,0.1501098936187197,0.26045433108001886,0.2667466261973531,,,,,0.271626885571619,,,0,8.5
GM,2021-12-31,0.19595602700096432,0.1335965813239387,0.2539695016506839,0.2674401527390219,,,,,0.2947112493791012,,,0,8.5
GM,2020-12-31,0.18898360655737706,0.1112134064893113,0.23634910653461197,0.23813253700168074,,,,,0.2686465713314684,,,0,8.5
GPC,2023-12-31,0.035626784956605595,0.08257545939790004,0.20433797751925797,0.19643546939508166,,,,,0.2334010614101592,,,0,8.5
GPC,2022-12-31,0.03409214734811958,0.07964548797556265,0.20346773961117226,0.19534358936701424,,,,,0.23246192256411596,,,0,8.5
GPC,2021-12-31,0.029115540983606556,0.07375983055627991,0.20051171199496934,0.19302712096734712,,,,,0.2301523097435361,,,0,8.5
GPC,2020-12-31,0.025515807907425265,0.06854829199240058,0.19925904600953728,0.18545632414614643,,,,,0.22791490418551147,,,0,8.5
GILD,2023-12-31,0.04183760848601736,0.14817810748819907,0.2506026306136352,0.23191527553401542,,,,,0.25486915374761443,,,4,8.0
GILD,2022-12-31,0.04209218900675024,0.15353176271493116,0.26477755069957554,0.22316052283742105,,,,,0.25489529685498413,,,4,8.0
GILD,2021-12-31,0.042129218900675024,0.14863577582766127,0.2640111617670178,0.23648439157324452,,,,,0.27656793286450027,,,4,8.0
GILD,2020-12-31,0.03809296046287367,0.14551192332458796,0.25791935230309704,0.18669734501721577,,,,,0.2635748085017385,,,4,8.0
GPN,2023-12-31,0.01489592131147541,0.06999610449738969,0.2050328171671121,0.19374058027773697,,,,,0.22773313115996965,,,6,9.0
GPN,2022-12-31,0.013848432015429122,0.06611124533683857,0.20384845150133626,0.1866034578417454,,,,,0.22662659799743795,,,6,9.0
GPN,2021-12-31,0.013151416779170685,0.06373317403636866,0.20179528900068125,0.19357109055008892,,,,,0.22668777286868316,,,6,9.0
GPN,2020-12-31,0.011453898553519769,0.05853275255575837,0.19874988864434315,0.1904629493644033,,,,,0.2242857180204439,,,6,9.0
GS,2023-12-31,0.0713658630665381,0.09450627025417868,0.2208951686832046,0.2551769716551623,,,,,0.2803848265404826,,,3,11.0
GS,2022-12-31,0.07308003857280618,0.09450627025417868,0.2208951686832046,0.2775737993831693,,,,,0.28043711275522204,,,3,11.0
GS,2021-12-31,0.09155486981677917,0.09450627025417868,0.2208951686832046,0.36221667400988883,,,,,0.3636767666204805,,,3,11.0
GS,2020-12-31,0.06875062680810029,0.09450627025417868,0.2208951686832046,0.2628710366997927,,,,,0.30122088311416695,,,3,11.0
GT,2023-12-31,0.030960077145612344,0.0571287165596113,0.1974466802913588,0.18007212676033352,,,,,0.2225301299312436,,,0,8.5
GT,2022-12-31,0.03210028929604629,0.05895406819258257,0.19979824975108737,0.18734191674417844,,,,,0.22723588925779717,,,0,8.5
GT,2021-12-31,0.02696702025072324,0.058602834350669736,0.2000144107320652,0.19192735105497624,,,,,0.21528848918982507,,,0,8.5
GT,2020-12-31,0.019010221793635488,0.04901308612147369,0.19153172981187444,0.1754622150421827,,,,,0.22514444066821782,,,0,8.5
GWW,2023-12-31,0.02542410800385728,0.07302470876860608,0.2096958025467694,0.2006168306652959,,,,,0.23787613395728213,,,5,10.0
GWW,2022-12-31,0.02349546769527483,0.06958155277288475,0.20740318608185296,0.19831595437411267,,,,,0.23620297508561866,,,5,10.0
GWW,2021-12-31,0.020091803278688525,0.06357332538622418,0.20302756380024106,0.19420374993880646,,,,,0.23196779169172047,,,5,10.0
GWW,2020-12-31,0.018201735776277723,0.06100825399528495,0.19956898810459572,0.19136437068585693,,,,,0.22728817547253666,,,5,10.0
HAL,2023-12-31,0.035514754098360655,0.06165750443033596,0.22030734161295396,0.20721757151482512,,,,,0.2405950171237353,,,2,12.0
HAL,2022-12-31,0.03131648987463838,0.05608565848362771,0.21302337158727663,0.19851993276872112,,,,,0.2357323991529633,,,2,12.0
HAL,2021-12-31,0.02359884281581485,0.04918338131755264,0.20452759000157208,0.19758163215352229,,,,,0.2166217876656819,,,2,12.0
HAL,2020-12-31,0.022287367405978784,0.04667684890026555,0.2018223025729707,0.16166511643086762,,,,,0.21500091500875793,,,2,12.0
HBI,2023-12-31,0.008696660366441658,0.04854695623945633,0.19478581721951477,0.18554914247482904,,,,,0.22207612872866067,,,0,8.5
HBI,2022-12-31,0.009617974927675988,0.0502749096637202,0.1962973916574962,0.1846558966074313,,,,,0.23491953151551592,,,0,8.5
HBI,2021-12-31,0.010493716489874638,0.05256639650043372,0.19811958287481005,0.18632385241755192,,,,,0.22384008261221927,,,0,8.5
HBI,2020-12-31,0.00945367174541948,0.04698391242569541,0.19317367552271655,0.18507711199229776,,,,,0.21939452563331677,,,0,8.5
HOG,2023-12-31,0.009005173384763742,0.0500656807284377,0.19799745847089034,0.19145890243305427,,,,,0.22676086899688894,,,0,8.5
HOG,2022-12-31,0.00887966055930569,0.04981000910014954,0.19885027249384268,0.19174301985933648,,,,,0.22728867219157667,,,0,8.5
HOG,2021-12-31,0.008233454966248794,0.048566471004582,0.1982879984803228,0.19099740539482057,,,,,0.22669245248490233,,,0,8.5
HOG,2020-12-31,0.0062555479267116685,0.045757175015566046,0.1938092019074569,0.18570436187399028,,,,,0.22182353402525423,,,0,8.5
HIG,2023-12-31,0.03753905496624879,0.09450627025417868,0.2208951686832046,0.20612424731972387,,,,,0.2375362735614755,,,3,11.0
HIG,2022-12-31,0.03371880424300868,0.09450627025417868,0.2208951686832046,0.20053523930745254,,,,,0.23385009542234186,,,3,11.0
HIG,2021-12-31,0.03340250723240116,0.09450627025417868,0.2208951686832046,0.20503908226040696,,,,,0.2362291181929884,,,3,11.0
HIG,2020-12-31,0.0313519768563163,0.09450627025417868,0.2208951686832046,0.19986619017313684,,,,,0.23228150898015737,,,3,11.0
HAS,2023-12-31,0.007719652844744455,0.05372281263803223,0.19414793271498193,0.17354237039212805,,,,,0.2164832291966223,,,0,8.5
HAS,2022-12-31,0.009036374156219865,0.05682484606910791,0.19570953204422786,0.18735415544785494,,,,,0.2237980706386761,,,0,8.5
HAS,2021-12-31,0.009906113789778206,0.05906316355257066,0.19860674422260652,0.1891915928264878,,,,,0.22610127839795036,,,0,8.5
HAS,2020-12-31,0.008432632594021215,0.05535924303785343,0.19761305874338417,0.18750917902775735,,,,,0.22479673734020023,,,0,8.5
HCA,2023-12-31,0.10023992285438765,0.3315008860671921,0.25595425247602577,0.22846396109724054,,,,,0.26448981725967946,,,4,8.0
HCA,2022-12-31,0.09293423336547733,0.30912835468231964,0.2521943614735629,0.23173577454675998,,,,,0.2679145643251157,,,4,8.0
HCA,2021-12-31,0.09064918032786885,0.30066149040226914,0.2562883194466279,0.2424487198315954,,,,,0.27748294162244125,,,4,8.0
HCA,2020-12-31,0.0795108968177435,0.26816171657557647,0.24046271550594772,0.21632316705014604,,,,,0.24953595984418706,,,4,8.0
HCP,2024-01-31,0.000899729218900675,0.04097961247199442,0.19122859351255045,0.18413808521401412,,,,,0.22229586154610334,,,8,9.5
HCP,2023-01-31,0.0007342549662487946,0.04052450920392317,0.19094687025100876,0.18345573668836995,,,,,0.22229518182531174,,,8,9.5
HCP,2022-01-31,0.000494918418514947,0.03982421810557238,0.19099909605407955,0.18332649597754605,,,,,0.22229447596141275,,,8,9.5
HCP,2021-01-31,0.000326872131147541,0.03936374521709977,0.19234391212073573,0.18501236109071326,,,,,0.22227554835167707,,,8,9.5
HP,2024-09-30,0.004253202700096432,0.04233452362579759,0.19576790205942463,0.18850186028295882,,,,,0.22584651381663223,,,2,12.0
HP,2023-09-30,0.004431893539054967,0.042579168640139636,0.19639095661059583,0.1892356521597232,,,,,0.2264327468562913,,,2,12.0
HP,2022-09-30,0.0031767699132111862,0.039674443480620936,0.19299650212230782,0.1857505017868507,,,,,0.22290570181171732,,,2,12.0
HP,2021-09-30,0.0018801434908389586,0.037636526190868984,0.1905831433736834,0.18303266917968047,,,,,0.21955710961804917,,,2,12.0
HSIC,2023-12-31,0.019037994214079073,0.05900196371647978,0.1974466802913588,0.18908797180202672,,,,,0.22540587174191523,,,4,8.0
HSIC,2022-12-31,0.01951321118611379,0.05884231197015577,0.19864539118587224,0.1900833863677159,,,,,0.2267130271104023,,,4,8.0
HSIC,2021-12-31,0.019133654773384762,0.0580068011643934,0.19852748519624797,0.19084218599565933,,,,,0.2274450341167551,,,4,8.0
HSIC,2020-12-31,0.015612946576663452,0.0534313311230436,0.1966108316302468,0.18898838139064308,,,,,0.22476207157982797,,,4,8.0
HES,2023-12-31,0.0162175506268081,0.08235369247880622,0.21187051302206153,0.19696969696969696,,,,,0.24143159655956706,,,2,12.0
HES,2022-12-31,0.017471938283510124,0.08829805916693718,0.21809332914112037,0.20279531991971408,,,,,0.2509999738568926,,,2,12.0
HES,2021-12-31,0.011530183220829316,0.06917710168219723,0.20604726720117383,0.190254728219187,,,,,0.23795456327939138,,,2,12.0
HES,2020-12-31,0.007200771456123433,0.05159412268704532,0.1903199182518472,0.16045756433478564,,,,,0.221981124676479,,,2,12.0
HPE,2024-10-31,0.04648331726133076,0.09102278230420044,0.2092307289210292,0.2067361825035492,,,,,0.23204622101382968,,,6,9.0
HPE,2023-10-31,0.04495274831243973,0.09294392498496612,0.20889011161767018,0.2022160212790261,,,,,0.2276280358683433,,,6,9.0
HPE,2022-10-31,0.04396682738669238,0.0890431006497826,0.2074817900749358,0.19277590117654736,,,,,0.22247784371650411,,,6,9.0
HPE,2021-10-31,0.042868273866923816,0.08835127641571186,0.20674160247340564,0.2136551296486676,,,,,0.2264515960367049,,,6,9.0
HLT,2023-12-31,0.015791706846673095,0.05404743785555774,0.20771760205418435,0.19500334524567156,,,,,0.2364121199445766,,,0,8.5
HLT,2022-12-31,0.013535969141755063,0.052812797683985335,0.20661059581826757,0.19593348672508606,,,,,0.23473896107291312,,,0,8.5
HLT,2021-12-31,0.008930376084860173,0.047262238636786955,0.19955588743908192,0.18903901698732067,,,,,0.2262685942851167,,,0,8.5
HLT,2020-12-31,0.006645323047251688,0.04155734956814203,0.1921147094272389,0.17985998922994076,,,,,0.21693550495411884,,,0,8.5
HOLX,2024-09-30,0.006218399228543877,0.050310522646600214,0.19899255882198816,0.19213540901747686,,,,,0.2242451177746987,,,4,8.0
HOLX,2023-09-30,0.006218553519768563,0.04947873704825208,0.19788227741969291,0.18941433723340023,,,,,0.2280227967896264,,,4,8.0
HOLX,2022-09-30,0.007502873674059788,0.05440612211229903,0.20357648168526962,0.19631696610694993,,,,,0.22975085618676633,,,4,8.0
HOLX,2021-09-30,0.008690144648023144,0.05865498725446892,0.20915802022742755,0.20096359393613025,,,,,0.23511542181903738,,,4,8.0
HD,2024-01-31,0.23555486981677917,0.3096498837203114,0.33496436618980246,0.30924756449796836,,,,,0.34725889519228254,,,0,8.5
HD,2023-01-31,0.24285901639344262,0.31932477954754696,0.350357648168527,0.3252557889068389,,,,,0.36270947164780004,,,0,8.5
HD,2022-01-31,0.23322198649951784,0.3089687029359956,0.34381386574437983,0.31977284965976405,,,,,0.36093174034665754,,,0,8.5
HD,2021-01-31,0.20383413693346192,0.2771501098936187,0.31262118115600274,0.29066921231703136,,,,,0.32976915636192516,,,0,8.5
HON,2023-12-31,0.05656624879459981,0.11118679786492397,0.24237541267096369,0.23185816158352504,,,,,0.2611434995163525,,,5,10.0
HON,2022-12-31,0.05472092574734812,0.10827049263207192,0.23920505161662214,0.22621203962076336,,,,,0.2591827664636218,,,5,10.0
HON,2021-12-31,0.05306383799421408,0.10407697342862768,0.24184483571765447,0.23091170183254187,,,,,0.2647512483333769,,,5,10.0
HON,2020-12-31,0.050356027000964323,0.09416259998190613,0.23648011318975004,0.22468628122909218,,,,,0.2522548430106402,,,5,10.0
HRL,2024-10-31,0.01839274368370299,0.04921604606485054,0.19955486558717184,0.1922621856692939,,,,,0.22830260646780473,,,1,9.0
HRL,2023-10-31,0.018684682738669238,0.04909738756525765,0.19982231567363623,0.19216863301839068,,,,,0.22803461347415752,,,1,9.0
HRL,2022-10-31,0.019222844358727096,0.04997464730268374,0.20131413430802286,0.19385280103131475,,,,,0.22953326710412797,,,1,9.0
HRL,2021-10-31,0.017567890453230473,0.04871456928619704,0.19993472593407746,0.19310911212284393,,,,,0.2279425113068939,,,1,9.0
HST,2023-12-31,0.008194406943105111,0.05362169986536036,0.19785935125504375,0.19173153179615213,,,,,0.2232098507228569,,,8,9.5
HST,2022-12-31,0.0075710703953712636,0.052876658382514936,0.19789210291882828,0.190858504267228,,,,,0.22294841964915948,,,8,9.5
HST,2021-12-31,0.004459016393442623,0.04640011920663725,0.19120421317402925,0.1856040208221145,,,,,0.21988967608689966,,,8,9.5
HST,2020-12-31,0.0024995178399228545,0.04104646397990516,0.18665173190798093,0.179721283921607,,,,,0.21651721523620296,,,8,9.5
HPQ,2024-10-31,0.08263683702989393,0.10134692856648697,0.22041869726982133,0.2083353731172794,,,,,0.23544482497189614,,,6,9.0
HPQ,2023-10-31,0.0828821600771456,0.09969719385447211,0.2205562542577163,0.21231703138003621,,,,,0.2137460458550103,,,6,9.0
HPQ,2022-10-31,0.09706460945033751,0.10371509613695992,0.22641225174238852,0.21124818459228797,,,,,0.2534312828422786,,,6,9.0
HPQ,2021-10-31,0.09791321118611379,0.10980314939678248,0.2300869884190117,0.23906267848109525,,,,,0.24911767012627117,,,6,9.0
HUM,2023-12-31,0.16412574734811958,0.09450627025417868,0.2208951686832046,0.2060018602829588,,,,,0.24412433661865046,,,4,8.0
HUM,2022-12-31,0.14329026036644166,0.09450627025417868,0.2208951686832046,0.20858830632659386,,,,,0.24218974667328957,,,4,8.0
HUM,2021-12-31,0.12816046287367405,0.09450627025417868,0.2208951686832046,0.20962451657120476,,,,,0.23494810593187104,,,4,8.0
HUM,2020-12-31,0.1190433944069431,0.09450627025417868,0.2208951686832046,0.21316558150160733,,,,,0.2564377401897989,,,4,8.0
HBAN,2023-12-31,0.011355834136933462,0.09450627025417868,0.2208951686832046,0.20161224523098512,,,,,0.23306580220124962,,,3,11.0
HBAN,2022-12-31,0.01119228543876567,0.09450627025417868,0.2208951686832046,0.20395391720109005,,,,,0.2357323991529633,,,3,11.0
HBAN,2021-12-31,0.009243587270973963,0.09450627025417868,0.2208951686832046,0.19625985215645958,,,,,0.22995477242425033,,,3,11.0
HBAN,2020-12-31,0.007429122468659595,0.09450627025417868,0.2208951686832046,0.19235978525154612,,,,,0.2263208804998562,,,3,11.0
HII,2023-12-31,0.0176725168756027,0.047214343112889745,0.1977676465964471,0.1912501427848762,,,,,0.2267653133251418,,,5,10.0
HII,2022-12-31,0.016472131147540984,0.04611806778813149,0.19628072106062988,0.19041791093487376,,,,,0.22592873388931006,,,5,10.0
HII,2021-12-31,0.014694696239151398,0.04573490359695384,0.1959859560865692,0.19013234118242195,,,,,0.22430786123238605,,,5,10.0
HII,2020-12-31,0.014443201542912247,0.04734206450994896,0.1979183042498559,0.19137252982164127,,,,,0.22524901309769677,,,5,10.0
IDXX,2023-12-31,0.005648529218900675,0.05010920179448562,0.20008075250222712,0.19258858373721052,,,,,0.227919113225798,,,4,8.0
IDXX,2022-12-31,0.00519548543876567,0.049121319362031624,0.19878140884556936,0.19123455067639233,,,,,0.22699754254790722,,,4,8.0
IDXX,2021-12-31,0.004961018322082932,0.048509821243261364,0.19899929256406226,0.19177106280902725,,,,,0.22639434263156516,,,4,8.0
IDXX,2020-12-31,0.004176131147540983,0.046815426616074796,0.19744356233296653,0.19044056069581108,,,,,0.22435633055344956,,,4,8.0
ITW,2023-12-31,0.024851687560270008,0.07459461760745892,0.21935754336320284,0.20982033583002885,,,,,0.24490862983974274,,,5,10.0
ITW,2022-12-31,0.024581677917068466,0.07306196084274835,0.21771996017397685,0.21044858928542287,,,,,0.2433923296122977,,,5,10.0
ITW,2021-12-31,0.022302796528447445,0.07020419458354842,0.2156697060210659,0.20767448311874803,,,,,0.23879114271522311,,,5,10.0
ITW,2020-12-31,0.019400578592092575,0.066122431602531,0.21177225803070795,0.20290138868491048,,,,,0.23782384774254267,,,5,10.0
ILMN,2023-12-31,0.006949276759884281,0.05305759702834883,0.1914400251532778,0.17622101467012613,,,,,0.22341899558181483,,,4,8.0
ILMN,2022-12-31,0.007072709739633558,0.05427095030041137,0.19521301682125453,0.1497609373215189,,,,,0.22404643015868864,,,4,8.0
ILMN,2021-12-31,0.006983220829315333,0.055239504228110414,0.19208850809621128,0.19191103278340757,,,,,0.22545815795665472,,,4,8.0
ILMN,2020-12-31,0.004997492767598843,0.050178543869639027,0.19669339202431485,0.19104616439026775,,,,,0.22749732033149458,,,4,8.0
INCY,2023-12-31,0.005702062102217936,0.05676497134251153,0.19715001572079863,0.19056966270132666,,,,,0.22845457635094504,,,4,8.0
INCY,2022-12-31,0.005237623915139826,0.05541850044436403,0.19676954619294662,0.1884732625120347,,,,,0.22719552430001827,,,4,8.0
INCY,2021-12-31,0.004607547926711668,0.05354334278826453,0.196827791751821,0.1934333724971851,,,,,0.21238302266607406,,,4,8.0
INCY,2020-12-31,0.004114487174541948,0.0519474958623589,0.1913205405334591,0.1832811393417209,,,,,0.22392823717027005,,,4,8.0
IR,2023-12-31,0.010609218900675024,0.05379305940641481,0.20102643714300686,0.192047290351006,,,,,0.22854304462628425,,,5,10.0
IR,2022-12-31,0.009128331726133075,0.05083098733961652,0.19865456165173193,0.19062760072453125,,,,,0.22617970772005958,,,5,10.0
IR,2021-12-31,0.007949701060752169,0.049037033883422294,0.19697112613320758,0.1902832851944322,,,,,0.22169877911688582,,,5,10.0
IR,2020-12-31,0.00613029893924783,0.04593127524493239,0.19469161033380497,0.18542207209412376,,,,,0.22256673028156124,,,5,10.0
INTC,2023-12-31,0.08366904532304725,0.15399475277927083,0.1930972593407745,0.19947455165548864,,,,,0.19840004182897178,,,6,9.0
INTC,2022-12-31,0.09728678881388621,0.18142824452261466,0.20819577634543834,0.2510810854914247,,,,,0.21575906512248044,,,6,9.0
INTC,2021-12-31,0.12192709739633559,0.27162615947080765,0.33753864696326574,0.3477994810789641,,,,,0.2702413008810227,,,6,9.0
INTC,2020-12-31,0.12014194792671166,0.2705458493206818,0.3492899439291516,0.3562115500726163,,,,,0.33152074455569785,,,6,9.0
ICE,2023-12-31,0.015279459980713598,0.06857042504616596,0.21885316774092126,0.20501460485305395,,,,,0.23418995581814853,,,3,11.0
ICE,2022-12-31,0.014867502410800386,0.0661383967771634,0.2173334905413195,0.19749188165989456,,,,,0.23037306214216619,,,3,11.0
ICE,2021-12-31,0.014145419479267117,0.06515919939970943,0.21615443064507678,0.2188035443285847,,,,,0.26485582076285585,,,3,11.0
ICE,2020-12-31,0.01271976856316297,0.06133287921281046,0.2134491432164754,0.2027382059692237,,,,,0.2394708635068364,,,3,11.0
IBM,2023-12-31,0.09544455159112826,0.22098994726170648,0.2542970182885291,0.2469036079698438,,,,,0.25301299312436276,,,6,9.0
IBM,2022-12-31,0.09339247830279652,0.21240600503435175,0.24630561232510612,0.19907475400205607,,,,,0.20590311364408773,,,6,9.0
IBM,2021-12-31,0.08848756027000965,0.20601461345651353,0.2378622334014568,0.23254352898940941,,,,,0.22551044417139418,,,6,9.0
IBM,2020-12-31,0.08513635486981679,0.20270982230760634,0.22343185033799717,0.2313033403501901,,,,,0.1867140728346971,,,6,9.0
IP,2023-12-31,0.02918572806171649,0.06659074339174813,0.197911753917099,0.18804360242163148,,,,,0.22381114219236095,,,7,9.0
IP,2022-12-31,0.03264956605593057,0.07048092427717673,0.2043834826809202,0.19796511153538615,,,,,0.21609892551828708,,,7,9.0
IP,2021-12-31,0.029875409836065573,0.06788924426185014,0.20249698684693182,0.1999885772099019,,,,,0.22718360304305768,,,7,9.0
IP,2020-12-31,0.02710125361620058,0.06626611817422262,0.2017961012419431,0.189626474763793,,,,,0.22686988575462078,,,7,9.0
IPG,2023-12-31,0.016801234329797493,0.048109457237279746,0.20260637740397214,0.19465576606125878,,,,,0.22988157172361504,,,0,8.5
IPG,2022-12-31,0.01686063645130183,0.0482717698460425,0.20261227270345333,0.193347040681451,,,,,0.23059266424407204,,,0,8.5
IPG,2021-12-31,0.015800501446480233,0.04831540799003773,0.20237122045799927,0.1934677958910592,,,,,0.22885153329324723,,,0,8.5
IPG,2020-12-31,0.01398032786885246,0.04564762730896338,0.19945894251427973,0.1885584438896232,,,,,0.22247784371650411,,,0,8.5
IFF,2023-12-31,0.017711089681774348,0.058044053238535676,0.19668029135880102,0.16476558802891597,,,,,0.22344513868918459,,,7,9.0
IFF,2022-12-31,0.019193828351012535,0.060545263930945295,0.19979169941833047,0.17045250567059936,,,,,0.22851690151891452,,,7,9.0
IFF,2021-12-31,0.017984185149469624,0.058331426381918905,0.19698815699837552,0.18788041970594474,,,,,0.22422943191027683,,,7,9.0
IFF,2020-12-31,0.007844165863066539,0.04955590205897535,0.19673924435361317,0.18867185587702548,,,,,0.2242032888029071,,,7,9.0
INTU,2024-07-31,0.02512632594021215,0.1066792968937092,0.2182898391238275,0.2098692906447349,,,,,0.23761470288358472,,,6,9.0
INTU,2023-07-31,0.022168563162970105,0.09819114571414886,0.21354739820782898,0.20514515102560335,,,,,0.2380852788162401,,,6,9.0
INTU,2022-07-31,0.0196351012536162,0.09337498470004098,0.20965650055022797,0.20255054584618395,,,,,0.23471281796554336,,,6,9.0
INTU,2021-07-31,0.014862873674059788,0.0807624967404435,0.20945344023476392,0.2025179093030466,,,,,0.23518339389819873,,,6,9.0
ISRG,2023-12-31,0.010991861137897782,0.06362388177256012,0.20446732694020858,0.20036389745598143,,,,,0.22597056286110165,,,4,8.0
ISRG,2022-12-31,0.009600308582449374,0.06078474155043133,0.20322472881622386,0.196482596563372,,,,,0.22912865023136647,,,4,8.0
ISRG,2021-12-31,0.008810183220829316,0.05952083189203285,0.20482235497563278,0.1996018341737243,,,,,0.22650911087291833,,,4,8.0
ISRG,2020-12-31,0.006724628736740598,0.05368130318398799,0.19977073835350836,0.1943473507286108,,,,,0.22593396251078401,,,4,8.0
IVZ,2023-12-31,0.008819903567984571,0.04912697103385149,0.1903186081852958,0.1849031510582399,,,,,0.22044652427387518,,,3,11.0
IVZ,2022-12-31,0.009332921890067502,0.05142702052589285,0.20166443955352933,0.19320588763238195,,,,,0.23069200805207704,,,3,11.0
IVZ,2021-12-31,0.010637608486017358,0.05353602009483313,0.20417583713252635,0.19899153081705584,,,,,0.23615330318161615,,,3,11.0
IVZ,2020-12-31,0.009482121504339441,0.051174238594213155,0.20108997537074885,0.19190776912909382,,,,,0.2291077357454707,,,3,11.0
IQV,2023-12-31,0.023118997107039536,0.06633530059762971,0.20639443483728975,0.19677387771087285,,,,,0.22490915270189013,,,4,8.0
IQV,2022-12-31,0.022233365477338476,0.06521241664848411,0.2048616569721742,0.19459538845645466,,,,,0.2290659067736791,,,4,8.0
IQV,2021-12-31,0.021406364513018323,0.06315290912090427,0.20214981921081593,0.19357549648341246,,,,,0.22653002535881414,,,4,8.0
IQV,2020-12-31,0.017525940212150433,0.05899132026672485,0.19802310957396638,0.18797017019957243,,,,,0.2241510025881676,,,4,8.0
IRM,2023-12-31,0.008455605014464802,0.05507181135549654,0.20016535004978253,0.18719696153783388,,,,,0.2233129329952158,,,8,9.5
IRM,2022-12-31,0.007874366827386693,0.053964706320612635,0.19974769428286956,0.19023825492403842,,,,,0.2240853572455622,,,8,9.5
IRM,2021-12-31,0.00693003818707811,0.0523141627064164,0.198798151496096,0.18936716926943095,,,,,0.226877467255758,,,8,9.5
IRM,2020-12-31,0.006398873674059788,0.05117332325753423,0.19806007965204633,0.18848985003508426,,,,,0.22304277012365686,,,8,9.5
JBHT,2023-12-31,0.01979504725168756,0.050216535663539265,0.19939996331813656,0.19163596383871018,,,,,0.22766986484013488,,,5,10.0
JBHT,2022-12-31,0.022856700482160076,0.05161289241068815,0.20161631425876436,0.19360283774742576,,,,,0.2304259235052678,,,5,10.0
JBHT,2021-12-31,0.01877462217936355,0.0484054462532396,0.1997427684326364,0.19190129077528106,,,,,0.22851601265326393,,,5,10.0
JBHT,2020-12-31,0.01486838649951784,0.04617062514302135,0.19756536577058115,0.18982257959236956,,,,,0.22645133460563122,,,5,10.0
SJM,2024-04-30,0.012619016393442622,0.05503408564784018,0.20238497615678877,0.19176416833928947,,,,,0.22886721915766906,,,1,9.0
SJM,2023-04-30,0.013159807135969141,0.053365192726266435,0.2006281769113871,0.18494884221863217,,,,,0.224415047972602,,,1,9.0
SJM,2022-04-30,0.012341600771456124,0.052827166341154495,0.20057511921605617,0.19084789739070834,,,,,0.22781365193066846,,,1,9.0
SJM,2021-04-30,0.012347463837994213,0.05515808183748516,0.2019729602263795,0.19284362200355737,,,,,0.22999660139604192,,,1,9.0
JNJ,2023-12-31,0.13139286403085826,0.35033979213342625,0.3462309385316774,0.4725118715425662,,,,,0.26765313325141826,,,4,8.0
JNJ,2022-12-31,0.1234175506268081,0.3332464118270013,0.33839674055442015,0.3320768264225453,,,,,0.30041044678570494,,,4,8.0
JNJ,2021-12-31,0.12148891031822565,0.33294839523386316,0.33007781795315205,0.3560402082211452,,,,,0.2582677577056809,,,4,8.0
JNJ,2020-12-31,0.1274198649951784,0.3266634381535743,0.32215191531729814,0.30574729524648747,,,,,0.2688818592977961,,,4,8.0
JCI,2024-09-30,0.035412921890067506,0.08143835579988186,0.2087198029659907,0.19960509782803804,,,,,0.22517058377558755,,,5,10.0
JCI,2023-09-30,0.03445477338476374,0.07998552490833329,0.20872635329874759,0.20078001338098267,,,,,0.21003372460850694,,,5,10.0
JCI,2022-09-30,0.031841080038572805,0.07618581334582164,0.20607346853220143,0.1981935673373476,,,,,0.21751065331625316,,,5,10.0
JCI,2021-09-30,0.03651764705882353,0.08134256475208745,0.21124168107739874,0.19905027659470306,,,,,0.24496091605448223,,,5,10.0
JPM,2023-12-31,0.23907733847637416,0.09450627025417868,0.2208951686832046,0.589995267701245,,,,,0.5375545737366343,,,3,11.0
JPM,2022-12-31,0.1984817743490839,0.09450627025417868,0.2208951686832046,0.49309737112645025,,,,,0.4442236804266555,,,3,11.0
JPM,2021-12-31,0.1877492767598843,0.09450627025417868,0.2208951686832046,0.5800574403159218,,,,,0.515803508405009,,,3,11.0
JPM,2020-12-31,0.18496894889103183,0.09450627025417868,0.2208951686832046,0.4233775558492844,,,,,0.39700922851690146,,,3,11.0
JNPR,2023-12-31,0.008585535197685632,0.055494414849741096,0.19661544306450768,0.18822473523604377,,,,,0.22303207759274266,,,6,9.0
JNPR,2022-12-31,0.008179286403085824,0.054198042669590066,0.19642679348110884,0.1895367242701653,,,,,0.2238503568534156,,,6,9.0
JNPR,2021-12-31,0.0073063066538090644,0.0530368423013267,0.195713462243882,0.18775558492844435,,,,,0.22376931322056937,,,6,9.0
JNPR,2020-12-31,0.006858399228543877,0.052151307281716144,0.1956525441492428,0.18779719652094448,,,,,0.2224621578520823,,,6,9.0
K,2023-12-31,0.020246094503375122,0.06124773161477098,0.2027524498244511,0.1934531094466474,,,,,0.22901362055893962,,,1,9.0
K,2022-12-31,0.019522468659594984,0.05873587747260642,0.2008266519939213,0.19352654166870642,,,,,0.22697445818409975,,,1,9.0
K,2021-12-31,0.018124590163934425,0.05877312954674869,0.2019533092281088,0.19783456536283675,,,,,0.2314972157590651,,,1,9.0
K,2020-12-31,0.021245901639344263,0.06361057746036645,0.20442933501021854,0.1959008501819487,,,,,0.23071292253797285,,,1,9.0
KEY,2023-12-31,0.009589199614271939,0.09450627025417868,0.2208951686832046,0.1935836556191968,,,,,0.2273927479020156,,,3,11.0
KEY,2022-12-31,0.010840501446480232,0.09450627025417868,0.2208951686832046,0.20133483461431764,,,,,0.2333010901675773,,,3,11.0
KEY,2021-12-31,0.010859016393442623,0.09450627025417868,0.2208951686832046,0.20711150274962875,,,,,0.23905257378892053,,,3,11.0
KEY,2020-12-31,0.010013500482160077,0.09450627025417868,0.2208951686832046,0.19665149067410778,,,,,0.2282031842304776,,,3,11.0
KMB,2023-12-31,0.03152324011571842,0.07587715330292855,0.21255829796153644,0.20008648683931396,,,,,0.2341115264960393,,,1,9.0
KMB,2022-12-31,0.031128254580520733,0.07155059097754764,0.21045564114657025,0.20147353992265138,,,,,0.23520953700556846,,,1,9.0
KMB,2021-12-31,0.029994214079074252,0.0703212725308527,0.20966960121574177,0.20049444362853086,,,,,0.23479124728765258,,,1,9.0
KMB,2020-12-31,0.029531340405014466,0.07475959107866041,0.21414347848870724,0.20488405868050455,,,,,0.23994143943949175,,,1,9.0
KIM,2023-12-31,0.002751629701060752,0.04498284808071992,0.19671048839281036,0.19103207356276822,,,,,0.2238621735379467,,,8,9.5
KIM,2022-12-31,0.0026656648023143685,0.04482370189825926,0.19664258109311955,0.18672162660530994,,,,,0.22374981046247155,,,8,9.5
KIM,2021-12-31,0.0021054349083895856,0.04349272254123006,0.19582372399517897,0.19258056330673454,,,,,0.22235706256045593,,,8,9.5
KIM,2020-12-31,0.0016322360655737704,0.04225941280087702,0.19507383535083583,0.1938597036601883,,,,,0.2222942668165538,,,8,9.5
KMI,2023-12-31,0.023659016393442624,0.0818055548164271,0.2207200125766389,0.2052022649760937,,,,,0.2409610206269117,,,2,12.0
KMI,2022-12-31,0.029623915139826422,0.07974604728884727,0.21931169103390452,0.20648324929423473,,,,,0.24083030509006298,,,2,12.0
KMI,2021-12-31,0.025627772420443586,0.08093279193652246,0.2226327097416549,0.2002496695550007,,,,,0.23191550547698098,,,2,12.0
KMI,2020-12-31,0.018052073288331725,0.07565896258295238,0.21576796101241943,0.1866647084740784,,,,,0.23484353350239207,,,2,12.0
KLAC,2024-06-30,0.015139436065573771,0.06976873912372478,0.21670913902426245,0.20822845580196142,,,,,0.23346150427439805,,,6,9.0
KLAC,2023-06-30,0.016194493346190934,0.07186323699237396,0.21906078708798407,0.21333102429790635,,,,,0.23277401897989594,,,6,9.0
KLAC,2022-06-30,0.014213127097396335,0.06835990825346311,0.21683030052926688,0.21279684567810575,,,,,0.22663922511829754,,,6,9.0
KLAC,2021-06-30,0.010674999421407908,0.06052168336801324,0.20919457108421108,0.20265083794324504,,,,,0.2296698386970275,,,6,9.0
KSS,2024-01-31,0.02696393442622951,0.07558978015954532,0.1975907876120107,0.18828021735937728,,,,,0.22373271287025173,,,0,8.5
KSS,2023-01-31,0.027923625843780137,0.07379635887583882,0.1945055808835089,0.1855387477358398,,,,,0.22124911767012626,,,0,8.5
KSS,2022-01-31,0.02998341369334619,0.081007296084807,0.2038987580569093,0.193347040681451,,,,,0.22961491202844367,,,0,8.5
KSS,2021-01-31,0.024617164898746383,0.06822983465400806,0.19092909919823928,0.18436383218289518,,,,,0.212255888734935,,,0,8.5
KHC,2023-12-31,0.04110318225650916,0.08595650022085158,0.2268314730388304,0.20898810398002643,,,,,0.2428433243575331,,,1,9.0
KHC,2022-12-31,0.040864030858244936,0.08167783341936788,0.22365456165173192,0.20497380917413227,,,,,0.2379022770646519,,,1,9.0
KHC,2021-12-31,0.040180520732883314,0.08465799935074957,0.22770921762825552,0.193950816729492,,,,,0.24015058429844968,,,1,9.0
KHC,2020-12-31,0.040401157184185146,0.08729225316509587,0.23121364565319918,0.18859842365496646,,,,,0.23975843768790356,,,1,9.0
KR,2024-01-31,0.2314970106075217,0.21600881277639708,0.21317402924068543,0.20335014115304906,,,,,0.23970615147316407,,,1,9.0
KR,2023-01-31,0.2287490838958534,0.20756855712073397,0.2199208719802966,0.20400287201579606,,,,,0.2393401479699877,,,1,9.0
KR,2022-01-31,0.21274908389585342,0.19996381227083324,0.2156697060210659,0.19919714103882113,,,,,0.23233379519489683,,,1,9.0
KR,2021-01-31,0.2044327868852459,0.20290140440319518,0.21110412408950374,0.20678513731825524,,,,,0.2427126088206844,,,1,9.0
LB,2023-12-31,0.00014333963355834137,0.038930849506942186,0.19348052586071374,0.185786393825166,,,,,0.22235674884316747,,,0,8.5
LB,2022-12-31,7.988736740597879e-05,0.03870989149002975,0.1928730283498402,0.18564187105301805,,,,,0.22227298632715484,,,0,8.5
LH,2023-12-31,0.018764281581485052,0.056361856004768264,0.20025480794424358,0.1891042900735954,,,,,0.22719667459674256,,,4,8.0
LH,2022-12-31,0.018304956605593056,0.05819252936261701,0.20437169208195777,0.1961301218974886,,,,,0.22838357167132883,,,4,8.0
LH,2021-12-31,0.020267849566055932,0.06502296324284627,0.21302075145417387,0.2050904848158483,,,,,0.24030744294266815,,,4,8.0
LH,2020-12-31,0.021567598842815814,0.06481222293769856,0.21220523502593933,0.19839020250975015,,,,,0.23957805024705234,,,4,8.0
LRCX,2024-06-30,0.022997702603664415,0.07598779728485597,0.22094337892364932,0.21692508281522818,,,,,0.2361885963765653,,,6,9.0
LRCX,2023-06-30,0.026890670781099326,0.07984143920727586,0.2270673505214065,0.22249906985852055,,,,,0.23790957099160803,,,6,9.0
LRCX,2022-06-30,0.026579809450337513,0.08034637510709972,0.22814692396373737,0.22326892511545177,,,,,0.23763634937648687,,,6,9.0
LRCX,2021-06-30,0.022566865959498552,0.07467075020355597,0.22225294109940785,0.21758341084512325,,,,,0.2343558599775169,,,6,9.0
LEG,2023-12-31,0.007290723240115719,0.042998472664960166,0.19498637530786564,0.1845776015404448,,,,,0.22131186112781362,,,0,8.5
LEG,2022-12-31,0.007940906460945033,0.04365304482488864,0.19605604464706808,0.18822147158173005,,,,,0.224718308018091,,,0,8.5
LEG,2021-12-31,0.007826576663452265,0.04398033090485288,0.19648836660902375,0.1889770075553597,,,,,0.22539280018823035,,,0,8.5
LEG,2020-12-31,0.00660397299903568,0.04326615542629677,0.19560931195304723,0.18775803266917968,,,,,0.22422420328880288,,,0,8.5
LEN,2023-11-30,0.05281907965284474,0.07007106631401369,0.2285256904050726,0.21782861735284997,,,,,0.25471263496379176,,,0,8.5
LEN,2022-11-30,0.05195141369334619,0.07678261286048034,0.23735553896137923,0.2233410437166495,,,,,0.25798188282659273,,,0,8.5
LEN,2021-11-30,0.041860252266152365,0.0679192534684342,0.22655149871613478,0.2218396485044304,,,,,0.2578889179367859,,,0,8.5
LEN,2020-11-30,0.034698328254580524,0.05694303093518671,0.21346658020227427,0.20580633475302293,,,,,0.2394247209223288,,,0,8.5
LLY,2023-12-31,0.05265049180327869,0.18236433592856116,0.26355460357386157,0.22845090647998562,,,,,0.25662597056286107,,,4,8.0
LLY,2022-12-31,0.044036875602700094,0.15506229078969075,0.24957619347062832,0.23664594246177442,,,,,0.23695066795639327,,,4,8.0
LLY,2021-12-31,0.04369280617164899,0.1502408080507054,0.24485798878583032,0.23123561952318009,,,,,0.23726961386630413,,,4,8.0
LLY,2020-12-31,0.03786275795564127,0.13986823409203392,0.23941073206518892,0.23622901062319476,,,,,0.2493581867140728,,,4,8.0
LNC,2023-12-31,0.01806904532304725,0.09450627025417868,0.2208951686832046,0.17955810120592025,,,,,0.21191602833912837,,,3,11.0
LNC,2022-12-31,0.029205785920925747,0.09450627025417868,0.2208951686832046,0.19677387771087285,,,,,0.2318632192622415,,,3,11.0
LNC,2021-12-31,0.027162970106075216,0.09450627025417868,0.2208951686832046,0.21651898630897012,,,,,0.24488248673237298,,,3,11.0
LNC,2020-12-31,0.027122854387656704,0.09450627025417868,0.2208951686832046,0.18976518007212673,,,,,0.2202818226974458,,,3,11.0
LKQ,2023-12-31,0.021394021215043395,0.06812340015645871,0.20220877220562805,0.19333072240988233,,,,,0.23026848971268724,,,0,8.5
LKQ,2022-12-31,0.019740019286403086,0.06625015299959022,0.20233977886076612,0.19506861833194628,,,,,0.23233379519489683,,,0,8.5
LKQ,2021-12-31,0.020195178399228544,0.06677700376245949,0.20268039616412514,0.19459538845645466,,,,,0.23092206739693077,,,0,8.5
LKQ,2020-12-31,0.017942264223722276,0.06289890851422764,0.19980423675522718,0.19090275126058645,,,,,0.22879135186008207,,,0,8.5
LMT,2023-12-31,0.10425612343297976,0.0835776892006237,0.24861787978829325,0.24215499094335927,,,,,0.2530652793391022,,,5,10.0
LMT,2022-12-31,0.10180752169720347,0.08255591802415,0.2475763768799455,0.23246193763156603,,,,,0.24705236464406158,,,5,10.0
LMT,2021-12-31,0.10344300867888138,0.08667493307930967,0.2526528847665461,0.23721871379383494,,,,,0.2545554364591775,,,5,10.0
LMT,2020-12-31,0.10090337512054003,0.08450899105418047,0.2495152753759891,0.24144514613012186,,,,,0.2574834644845886,,,5,10.0
L,2023-12-31,0.024189778206364514,0.09450627025417868,0.2208951686832046,0.1973939720304825,,,,,0.23405924028129982,,,3,11.0
L,2022-12-31,0.02167791706846673,0.09450627025417868,0.2208951686832046,0.19240058093046783,,,,,0.22809861180099864,,,3,11.0
L,2021-12-31,0.021179556412729027,0.09450627025417868,0.2208951686832046,0.19843834141087774,,,,,0.23468667485817363,,,3,11.0
L,2020-12-31,0.021086981677917067,0.09450627025417868,0.2208951686832046,0.1780976159005238,,,,,0.21774594128258082,,,3,11.0
LOW,2024-01-31,0.133272131147541,0.19195461633024496,0.2685963946968506,0.24873125438553545,,,,,0.2862931688060443,,,0,8.5
LOW,2023-01-31,0.14975351976856316,0.2101176633370408,0.25943902950269876,0.23821412835952413,,,,,0.29021463491150556,,,0,8.5
LOW,2022-01-31,0.1485053037608486,0.2090479966366699,0.2721073730545512,0.25457319560712127,,,,,0.29458053384225247,,,0,8.5
LOW,2021-01-31,0.13824030858244937,0.19582883204104115,0.25608525913116387,0.23330232861735284,,,,,0.27204517528953487,,,0,8.5
LYB,2023-12-31,0.063424493731919,0.06643641337030158,0.21628543730021485,0.20294218436383216,,,,,0.23536639564978692,,,7,9.0
LYB,2022-12-31,0.07784146576663452,0.07359945505537255,0.22675941937850444,0.21736753643054124,,,,,0.2453269195576586,,,7,9.0
LYB,2021-12-31,0.07124088717454195,0.08515824148923148,0.24134701042812975,0.23146652306587684,,,,,0.25267313272855607,,,7,9.0
LYB,2020-12-31,0.042820443587270975,0.05651671819870256,0.20691846145784207,0.19727974412950178,,,,,0.22114454524064728,,,7,9.0
MTB,2023-12-31,0.014500289296046288,0.09450627025417868,0.2208951686832046,0.20805796250061193,,,,,0.24522234712817964,,,3,11.0
MTB,2022-12-31,0.012363355834136933,0.09450627025417868,0.2208951686832046,0.20194676979814297,,,,,0.2384774254267862,,,3,11.0
MTB,2021-12-31,0.00919884281581485,0.09450627025417868,0.2208951686832046,0.20086160473882606,,,,,0.2378499908499124,,,3,11.0
MTB,2020-12-31,0.009187673674059788,0.09450627025417868,0.2208951686832046,0.19673432222059037,,,,,0.23315387832997828,,,3,11.0
MAC,2023-12-31,0.0013640393442622952,0.04105805469668829,0.19405740056594875,0.1834576377670077,,,,,0.22225578416250555,,,8,9.5
MAC,2022-12-31,0.0013256146576663451,0.04094966712610891,0.1938769782004926,0.1851547135327426,,,,,0.22228712974824186,,,8,9.5
MAC,2021-12-31,0.001307520925747348,0.04093765067133559,0.19371540114237804,0.18581014506943422,,,,,0.22245034116755116,,,8,9.5
MAC,2020-12-31,0.0012127691417550626,0.04078594958197851,0.19347121128753342,0.18381551378078032,,,,,0.2222570128885519,,,8,9.5
M,2024-01-31,0.03682314368370299,0.09019791494819301,0.200846302992192,0.18655048057309767,,,,,0.2227654178975713,,,0,8.5
M,2023-01-31,0.0392655737704918,0.09243303939672927,0.20365639574490385,0.1952970741339077,,,,,0.2311834984706282,,,0,8.5
M,2022-01-31,0.039188428158148506,0.09402955685996944,0.2072590787612011,0.19736133548734516,,,,,0.2336670936707537,,,0,8.5
M,2021-01-31,0.027922082931533268,0.06937932722754099,0.1860818529581303,0.15351413978231424,,,,,0.2001516300227445,,,0,8.5
MRO,2023-12-31,0.009885438765670202,0.05271168491131345,0.20603416653566,0.19837306832460305,,,,,0.23160178818854407,,,2,12.0
MRO,2022-12-31,0.011633558341369334,0.06167879132984583,0.21580071267620396,0.21516456976877008,,,,,0.2266345977882931,,,2,12.0
MRO,2021-12-31,0.00864185149469624,0.0505563863359392,0.20283105381753394,0.1934123137677257,,,,,0.22378499908499122,,,2,12.0
MRO,2020-12-31,0.0047783992285438765,0.0364857457599157,0.18634386626840643,0.1738548652926682,,,,,0.2219026953543698,,,2,12.0
MPC,2023-12-31,0.2289357762777242,0.1262951747920536,0.2759196667190693,0.2646823648439157,,,,,0.2959138323181093,,,2,12.0
MPC,2022-12-31,0.2737944069431051,0.15855014927438282,0.31715401142378036,0.3041317863611886,,,,,0.33967739405505737,,,2,12.0
MPC,2021-12-31,0.18512324011571843,0.07363670712951481,0.21485746475920978,0.26514743558362297,,,,,0.22917047920315806,,,2,12.0
MPC,2020-12-31,0.10766287367405979,0.04202566135735915,0.17516244825237123,0.10552210309883976,,,,,0.15874094794907323,,,2,12.0
MAR,2023-12-31,0.036587078109932496,0.06572330223672096,0.21859770476340198,0.2108483869388554,,,,,0.22998091553162006,,,0,8.5
MAR,2022-12-31,0.03205091610414658,0.06271120595607448,0.21565005502279516,0.20493301349521056,,,,,0.2420328880290711,,,0,8.5
MAR,2021-12-31,0.0213801350048216,0.05336093534636446,0.2044096840119478,0.19466066154272937,,,,,0.2243862905544953,,,0,8.5
MAR,2020-12-31,0.01631012536162006,0.04621918056080337,0.19519336582298383,0.18351528206132406,,,,,0.21706622049096755,,,0,8.5
MMC,2023-12-31,0.03507965284474446,0.08974024660873081,0.2274930566472777,0.2163394853217147,,,,,0.2542678622781104,,,3,11.0
MMC,2022-12-31,0.03196914175506268,0.08448238242979314,0.22092962322485982,0.21057913545797227,,,,,0.24828109069043944,,,3,11.0
MMC,2021-12-31,0.030580520732883316,0.08313066431091645,0.22113923387308076,0.21133793508591567,,,,,0.24930067187785937,,,3,11.0
MMC,2020-12-31,0.026575120540019287,0.07621242197020899,0.2129775192579783,0.20214258905696708,,,,,0.24179760006274342,,,3,11.0
MLM,2023-12-31,0.01045662487945998,0.04921850470174392,0.20342844416496358,0.19523098513405457,,,,,0.22991555776319572,,,7,9.0
MLM,2022-12-31,0.009505419479267117,0.04602919498267778,0.20085809359115445,0.19276611021360615,,,,,0.2284071004679616,,,7,9.0
MLM,2021-12-31,0.008353326904532304,0.045630597789355486,0.1996521773306084,0.19142556420423948,,,,,0.22627382290659065,,,7,9.0
MLM,2020-12-31,0.007297820636451302,0.04512184089106961,0.1994884190116858,0.19157650821624972,,,,,0.22666596951713677,,,7,9.0
MAS,2023-12-31,0.0122923818707811,0.053547195717075814,0.20176989991091548,0.19310226660792087,,,,,0.22953648270633445,,,5,10.0
MAS,2022-12-31,0.013392478302796528,0.05289262355714734,0.20149478593512551,0.19259640018929194,,,,,0.22979791378003186,,,5,10.0
MAS,2021-12-31,0.01292189006750241,0.053690882288767436,0.19957553843735262,0.189022698715752,,,,,0.227758751405192,,,5,10.0
MAS,2020-12-31,0.011090453230472516,0.052222086222586464,0.2011476182990096,0.1956805535157716,,,,,0.22930119474000676,,,5,10.0
MA,2023-12-31,0.038724011571841854,0.13997200772714452,0.28872556725881676,0.277035296421403,,,,,0.28616245326919554,,,6,9.0
MA,2022-12-31,0.034309739633558343,0.1287857420347083,0.27622753235864383,0.2667139896542158,,,,,0.2693785783378212,,,6,9.0
MA,2021-12-31,0.02913635486981678,0.11506101357572016,0.2598844521301682,0.25657218387428404,,,,,0.2646205327965282,,,6,9.0
MA,2020-12-31,0.023608100289296045,0.09972912420373692,0.24636456531991827,0.23800199082913137,,,,,0.2575357506993281,,,6,9.0
MAT,2023-12-31,0.008395323432979749,0.05220460967808886,0.19657325237122047,0.18744269838938657,,,,,0.2293136127160074,,,0,8.5
MAT,2022-12-31,0.008385245130183221,0.0516598566327318,0.19731904705759054,0.18890776096995804,,,,,0.225820266136833,,,0,8.5
MAT,2021-12-31,0.008420815429122468,0.05243315647467657,0.19767307289210292,0.19306136486023398,,,,,0.2112786332383467,,,0,8.5
MAT,2020-12-31,0.007079549469623915,0.05039196100240009,0.1953488445213017,0.18670206915683488,,,,,0.2239823534025254,,,0,8.5
MKC,2023-11-30,0.010279189971070395,0.051772400470440474,0.19960304983493163,0.19124687913056246,,,,,0.22683067109356617,,,1,9.0
MKC,2022-11-30,0.009798264223722276,0.050559047198377935,0.19890347429649427,0.19125830192066054,,,,,0.22667642676008468,,,1,9.0
MKC,2021-11-30,0.009747965284474445,0.05173035884390849,0.20003733689671435,0.1918563665736525,,,,,0.22730647564769546,,,1,9.0
MKC,2020-11-30,0.0086423143683703,0.05069687987270434,0.19956767803804434,0.19179190940095622,,,,,0.22684112833651407,,,1,9.0
MCD,2023-12-31,0.03933454194792671,0.11595240249269592,0.26983178745480274,0.25479186044614155,,,,,0.27595095553057436,,,0,8.5
MCD,2022-12-31,0.03576871745419479,0.10873986876626451,0.2606547712623801,0.23609601670991007,,,,,0.2653525398028809,,,0,8.5
MCD,2021-12-31,0.03583089681774349,0.10540314726809252,0.2575636692343971,0.2472560826357272,,,,,0.2636453948916368,,,0,8.5
MCD,2020-12-31,0.02963594985535198,0.0903527771421273,0.24009917203793954,0.2242905631435518,,,,,0.2591357088703563,,,0,8.5
MCK,2024-03-31,0.47668428158148507,0.10672187069272893,0.22021563695435728,0.21018749694032407,,,,,0.2387127133931139,,,4,8.0
MCK,2023-03-31,0.4269407907425265,0.10422066000031929,0.22290782371744486,0.2147402947079845,,,,,0.24592821102716267,,,4,8.0
MCK,2022-03-31,0.40727637415621987,0.10832903160572405,0.2098792118639627,0.19478304857949444,,,,,0.2388957151447021,,,4,8.0
MCK,2021-03-31,0.3675648987463838,0.10310309777605117,0.21450374679033696,0.1486594539906333,,,,,0.20409923923557552,,,4,8.0
MDT,2024-04-30,0.049934811957569915,0.15099862167325673,0.22905203584342085,0.21568675445896768,,,,,0.2518888395074638,,,4,8.0
MDT,2023-04-30,0.048180520732883314,0.14759271775167768,0.2310826389980611,0.21635580359328338,,,,,0.2635748085017385,,,4,8.0
MDT,2022-04-30,0.04888871745419479,0.15309005955010138,0.23159356495309963,0.22680765653301999,,,,,0.23418995581814853,,,4,8.0
MDT,2021-04-30,0.0464678881388621,0.14294153020877126,0.22495807787035582,0.21511561495406403,,,,,0.22919662231052781,,,4,8.0
MRK,2023-12-31,0.09275216972034715,0.272552139599487,0.21224388198920505,0.18867185587702548,,,,,0.26179707720059603,,,4,8.0
MRK,2022-12-31,0.09146846673095467,0.2612860480338887,0.31264738248703033,0.3041562637685416,,,,,0.27241117879271126,,,4,8.0
MRK,2021-12-31,0.07514599807135969,0.225130249216376,0.27935204108368705,0.29216233416556514,,,,,0.26203236516692374,,,4,8.0
MRK,2020-12-31,0.06405863066538091,0.18693090804591586,0.22923544516061417,0.2433543839036569,,,,,0.25730046273300045,,,4,8.0
MET,2023-12-31,0.10246017357762777,0.09450627025417868,0.2208951686832046,0.19856888758342714,,,,,0.2369088389846017,,,3,11.0
MET,2022-12-31,0.1046433944069431,0.09450627025417868,0.2208951686832046,0.22880664480018276,,,,,0.25003267888421216,,,3,11.0
MET,2021-12-31,0.09821099324975892,0.09450627025417868,0.2208951686832046,0.2416246471173773,,,,,0.2651956811586625,,,3,11.0
MET,2020-12-31,0.10301716489874638,0.09450627025417868,0.2208951686832046,0.22981021850165628,,,,,0.2617186478784868,,,3,11.0
MTD,2023-12-31,0.005845028351012536,0.05038229142829774,0.19996648194728292,0.19212951812144055,,,,,0.22710386656557996,,,4,8.0
MTD,2022-12-31,0.006047767020250723,0.050737548494217945,0.20027131478279098,0.19281263360584844,,,,,0.22744738699641837,,,4,8.0
MTD,2021-12-31,0.005736439729990357,0.05001119158741731,0.1994100508305822,0.19196802434686117,,,,,0.22698428799247075,,,4,8.0
MTD,2020-12-31,0.00476015737704918,0.04803937544236838,0.19802994157103182,0.19061160065925814,,,,,0.226085697105958,,,4,8.0
MGM,2023-12-31,0.02494001774349084,0.07895676630709544,0.20326667059686632,0.19501297302589707,,,,,0.22639510078167888,,,0,8.5
MGM,2022-12-31,0.02025455737704918,0.07291030232719029,0.18167162526856365,0.19771293712569962,,,,,0.24049222242555748,,,0,8.5
MGM,2021-12-31,0.01493560655737705,0.06319830875583393,0.196620716082377,0.19592834646954194,,,,,0.22889375441164936,,,0,8.5
MGM,2020-12-31,0.007964639537126325,0.04755158614009973,0.17924549337106327,0.17726763597199782,,,,,0.21726041149251,,,0,8.5
MCHP,2024-03-31,0.01177920925747348,0.06504052493494192,0.2096545354504009,0.20125242734289583,,,,,0.23426838514025775,,,6,9.0
MCHP,2023-03-31,0.013020173577627773,0.06877744014389944,0.2132788345647959,0.20395146946035475,,,,,0.23983686701001278,,,6,9.0
MCHP,2022-03-31,0.010524050144648023,0.06213433097935703,0.2052029293088089,0.19618234036650836,,,,,0.22741889100938537,,,6,9.0
MCHP,2021-03-31,0.008390973963355834,0.056435827980565054,0.19944322171566317,0.18854457335878982,,,,,0.22200988209458575,,,6,9.0
MU,2024-08-31,0.03874406943105111,0.06832562570180246,0.20105591364041295,0.19204157895595697,,,,,0.23405924028129982,,,6,9.0
MU,2023-08-31,0.02397685631629701,0.03091922153808492,0.15713593250537128,0.13810153228570027,,,,,0.2268960288619905,,,6,9.0
MU,2022-08-31,0.04745689488910318,0.11241611631161891,0.2564913797620919,0.25657218387428404,,,,,0.24548377820187706,,,6,9.0
MU,2021-08-31,0.04274638379942141,0.0939231223624201,0.23708929413614213,0.23351446614774563,,,,,0.23256908316122452,,,6,9.0
MSFT,2024-06-30,0.37820173577627775,0.948512311810504,0.9097167636115915,0.9048073628041318,,,,,0.7360069017803456,,,6,9.0
MSFT,2023-06-30,0.3269662487945998,0.8157033457684304,0.7727493056647278,0.7760969958062041,,,,,0.6653943687746725,,,6,9.0
MSFT,2022-06-30,0.3059132111861138,0.7601871118466917,0.739080595294241,0.7791729899968995,,,,,0.5092677315625735,,,6,9.0
MSFT,2021-06-30,0.2593450337512054,0.6550085413684283,0.6508672640570141,0.6856121799578988,,,,,0.47928158740947946,,,6,9.0
MAA,2023-12-31,0.0033148975891996143,0.042432666875987846,0.1974067363622072,0.19020419053213883,,,,,0.22239272175890826,,,8,9.5
MAA,2022-12-31,0.003116475988428158,0.0421145927017865,0.1970135591888068,0.19089469819356733,,,,,0.22210640244699484,,,8,9.5
MAA,2021-12-31,0.002743424493731919,0.041210117663337036,0.19593923911334696,0.19004904456519964,,,,,0.22262521241274735,,,8,9.5
MAA,2020-12-31,0.00258898206364513,0.04097925591642763,0.19569455143321282,0.18777404089358854,,,,,0.22235567697576533,,,8,9.5
MHK,2023-12-31,0.01718050530376085,0.05287480642225758,0.19675847613058745,0.18210770059235323,,,,,0.22448725523515722,,,0,8.5
MHK,2022-12-31,0.018109261330761812,0.05411888733376262,0.19905143321280722,0.1858997650168894,,,,,0.2264021855637761,,,0,8.5
MHK,2021-12-31,0.017281562970106076,0.05585008701020175,0.20163896530943773,0.1941234558835528,,,,,0.22897296802697967,,,0,8.5
MHK,2020-12-31,0.014738201735776278,0.05139024740698955,0.197060223759367,0.18990058093046783,,,,,0.22406334474915687,,,0,8.5
TAP,2023-12-31,0.018055313404050144,0.06170433560925767,0.20330202274275533,0.19343597526150028,,,,,0.2300096729497268,,,1,9.0
TAP,2022-12-31,0.01651070395371263,0.057906752736697015,0.19968296389456586,0.18426347481274782,,,,,0.22551044417139418,,,1,9.0
TAP,2021-12-31,0.015860675024108005,0.06002586358290449,0.20271249279463396,0.19389941417405065,,,,,0.2282946851062717,,,1,9.0
TAP,2020-12-31,0.014895274831243973,0.05850863982033856,0.20161465702457684,0.1779507514564057,,,,,0.2301586886617343,,,1,9.0
MDLZ,2023-12-31,0.055569527483124395,0.1117030051780383,0.2296481161242991,0.22615492567027298,,,,,0.2624506548848396,,,1,9.0
MDLZ,2022-12-31,0.04859556412729026,0.09865413577848853,0.21775926217051828,0.2078621432417878,,,,,0.24488248673237298,,,1,9.0
MDLZ,2021-12-31,0.044312439729990355,0.09834547573559542,0.22470916522559348,0.22077805518839444,,,,,0.25337899662753915,,,1,9.0
MDLZ,2020-12-31,0.04101215043394407,0.09404552203460186,0.22010428129748993,0.21469949902906282,,,,,0.2542678622781104,,,1,9.0
MNST,2023-12-31,0.011016435101253616,0.058646504425014234,0.2056893242676728,0.19900122387036762,,,,,0.2337061514731641,,,1,9.0
MNST,2022-12-31,0.009737396335583414,0.05534895614366528,0.20327464890216423,0.19541639333561786,,,,,0.23221196831455385,,,1,9.0
MNST,2021-12-31,0.008549819864995178,0.05499743492860906,0.20466820599486454,0.19693277688027283,,,,,0.23335191236830408,,,1,9.0
MNST,2020-12-31,0.007095294889103182,0.052950523923814184,0.20359189461824662,0.19719484016252997,,,,,0.22793032861885962,,,1,9.0
MCO,2022-12-31,0.008436644165863066,0.05897003336721498,0.20597521354084788,0.19690442388342225,,,,,0.2323599383022666,,,3,11.0
MCO,2021-12-31,0.009593828351012535,0.06283360562825623,0.2115233453859456,0.20375809794226593,,,,,0.2364121199445766,,,3,11.0
MCO,2020-12-31,0.008286981677917069,0.05918822408719114,0.2089228632814547,0.2002007147402947,,,,,0.23408538338866955,,,3,11.0
MCO,2019-12-31,0.007450723240115718,0.056772160992820994,0.2208951686832046,0.19729606240107045,,,,,0.23222922276541788,,,3,11.0
MS,2023-12-31,0.07817473481195757,0.09450627025417868,0.2208951686832046,0.2598358381880191,,,,,0.28979634519358966,,,3,11.0
MS,2022-12-31,0.07746962391513983,0.09450627025417868,0.2208951686832046,0.27568087988120293,,,,,0.2983451413034953,,,3,11.0
MS,2021-12-31,0.08704185149469625,0.09450627025417868,0.2208951686832046,0.30835821869747554,,,,,0.34116755117513264,,,3,11.0
MS,2020-12-31,0.0707085824493732,0.09450627025417868,0.2208951686832046,0.2754116284003198,,,,,0.3069462236281404,,,3,11.0
MSI,2023-12-31,0.015395178399228543,0.064903756605591,0.20834643399884714,0.19963773437117538,,,,,0.23356252124127472,,,6,9.0
MSI,2022-12-31,0.014059016393442623,0.06096035847138774,0.20431142902059427,0.19681467338979453,,,,,0.226137878748268,,,6,9.0
MSI,2021-12-31,0.012607135969141755,0.059954552469546424,0.20414112036891474,0.19585189536724268,,,,,0.23016391728320826,,,6,9.0
MSI,2020-12-31,0.011439151398264224,0.05765556732248056,0.20215636954357283,0.19343679117507873,,,,,0.22804632558625917,,,6,9.0
NDAQ,2023-12-31,0.009356219864995179,0.0520038955026103,0.2047240999842792,0.19433429611135586,,,,,0.2312619277927374,,,3,11.0
NDAQ,2022-12-31,0.009606171648987465,0.05090229845297457,0.20377430173452812,0.19487279907312216,,,,,0.23147107265169536,,,3,11.0
NDAQ,2021-12-31,0.009081581485053038,0.05033287389108558,0.2031061677933239,0.1953786654917511,,,,,0.23134035711484666,,,3,11.0
NDAQ,2020-12-31,0.008678881388621022,0.04878957367662006,0.2015078866006393,0.19330624500252933,,,,,0.2295626258137042,,,3,11.0
NOV,2023-12-31,0.01324281581485053,0.04820950566497613,0.19715846565005504,0.19379579314958958,,,,,0.21251731980863242,,,2,12.0
NOV,2022-12-31,0.01116605593056895,0.045553964951119956,0.19462348687313316,0.18695843736231457,,,,,0.22443857676923476,,,2,12.0
NOV,2021-12-31,0.00852304725168756,0.042573799019738276,0.19201645443588536,0.1836539873696578,,,,,0.2226608454680923,,,2,12.0
NOV,2020-12-31,0.009396335583413693,0.0407644125613994,0.18939632133312373,0.16495324815195572,,,,,0.21594206687406864,,,2,12.0
NAVI,2023-12-31,0.001973384763741562,0.09450627025417868,0.2208951686832046,0.18755405427457122,,,,,0.22449086298397425,,,3,11.0
NAVI,2022-12-31,0.0026800385728061715,0.09450627025417868,0.2208951686832046,0.19095641389664006,,,,,0.22702674439883921,,,3,11.0
NAVI,2021-12-31,0.0034113789778206366,0.09450627025417868,0.2208951686832046,0.19154387167311238,,,,,0.22799403937151969,,,3,11.0
NAVI,2020-12-31,0.0026044358727097395,0.09450627025417868,0.2208951686832046,0.18905533525888935,,,,,0.22540587174191523,,,3,11.0
NTAP,2024-04-30,0.009670973963355834,0.06204599034639107,0.20120002096106482,0.1937386791990992,,,,,0.22951033959896472,,,6,9.0
NTAP,2023-04-30,0.009816007714561235,0.0608539239738384,0.20048603469056228,0.19608851030498847,,,,,0.21683093252463986,,,6,9.0
NTAP,2022-04-30,0.009748119575699132,0.06091246294749054,0.20077424933186608,0.19333888154566667,,,,,0.2263993098219654,,,6,9.0
NTAP,2021-04-30,0.008862487945998072,0.05875716437211629,0.19900565948750198,0.19164994043830874,,,,,0.22833389976732632,,,6,9.0
NFLX,2023-12-31,0.05203208794599807,0.11300112820567401,0.23844523266781953,0.22981829604608278,,,,,0.24311560482078898,,,6,9.0
NFLX,2022-12-31,0.04878001928640308,0.10469570377150642,0.22979111643871508,0.22234398916466766,,,,,0.24245130846252383,,,6,9.0
NFLX,2021-12-31,0.04582116721311475,0.10425876887216684,0.23347029424094745,0.22743777027137282,,,,,0.24119304070481815,,,6,9.0
NFLX,2020-12-31,0.038566720925747346,0.09018055015991783,0.22292936776188232,0.2082243680749335,,,,,0.23371817730255415,,,6,9.0
NWL,2023-12-31,0.012548505303760848,0.050976802601259114,0.19519991615574073,0.18252802663141918,,,,,0.2182165172152362,,,0,8.5
NWL,2022-12-31,0.01459440694310511,0.05353655226732088,0.19814101556359065,0.18730112106525676,,,,,0.2212229745627565,,,0,8.5
NWL,2021-12-31,0.016337897782063644,0.056351744727501075,0.20002751139757902,0.19076875377360028,,,,,0.22587644767457057,,,0,8.5
NWL,2020-12-31,0.01448023143683703,0.05484037486230037,0.1987239951789551,0.17941123676180218,,,,,0.21609892551828708,,,0,8.5
NEM,2023-12-31,0.018224879459980713,0.054446567221367786,0.19753183461719856,0.16534488666960395,,,,,0.23601997333403046,,,7,9.0
NEM,2022-12-31,0.018383799421407908,0.05581425051487688,0.2034074831001415,0.18219350206426133,,,,,0.2341638127107788,,,7,9.0
NEM,2021-12-31,0.018857473481195756,0.06221096381759256,0.20596866320809099,0.19520732364028,,,,,0.25097383074952284,,,7,9.0
NEM,2020-12-31,0.017738862102217937,0.06071555912702425,0.21294476759419378,0.20877596644963364,,,,,0.24067344644584454,,,7,9.0
NWSA,2024-06-30,0.015560270009643202,0.09450627025417868,0.19816721689461825,0.18786410143437604,,,,,0.22728817547253666,,,0,8.5
NWSA,2023-06-30,0.015242430086788814,0.09450627025417868,0.19751873395168476,0.18690948254760853,,,,,0.22600716321141928,,,0,8.5
NWSA,2022-06-30,0.01602314368370299,0.09450627025417868,0.19932007545983338,0.19077691290938462,,,,,0.22362814044077278,,,0,8.5
NWSA,2021-06-30,0.014438572806171649,0.09450627025417868,0.1967785463501546,0.18838628612457367,,,,,0.22386342840710044,,,0,8.5
NWS,2024-06-30,0.015560270009643202,0.09450627025417868,0.19816721689461825,0.18786410143437604,,,,,0.22728817547253666,,,0,8.5
NWS,2023-06-30,0.015242430086788814,0.09450627025417868,0.19751873395168476,0.18690948254760853,,,,,0.22600716321141928,,,0,8.5
NWS,2022-06-30,0.01602314368370299,0.09450627025417868,0.19932007545983338,0.19077691290938462,,,,,0.22362814044077278,,,0,8.5
NWS,2021-06-30,0.014438572806171649,0.09450627025417868,0.1967785463501546,0.18838628612457367,,,,,0.22386342840710044,,,0,8.5
NEE,2023-12-31,0.043377434908389585,0.1341181103619305,0.2572970706911911,0.24533705389925098,,,,,0.2485686648715066,,,10,10.0
NEE,2022-12-31,0.03233326904532305,0.09241175249721939,0.216206833307132,0.21952970741339076,,,,,0.23758855977621499,,,10,10.0
NEE,2021-12-31,0.026335969141755063,0.08401407064057602,0.2114709427238904,0.2148463634731809,,,,,0.2313665002222164,,,10,10.0
NEE,2020-12-31,0.02776779170684667,0.09543449222762082,0.22529214484095794,0.20951028867022403,,,,,0.22341899558181483,,,10,10.0
NKE,2024-05-31,0.0792470588235294,0.16025310123517233,0.23423334905413196,0.23220084528646723,,,,,0.24841180622728815,,,0,8.5
NKE,2023-05-31,0.07902333654773384,0.15708667493307932,0.23163941728239795,0.22706058974233448,,,,,0.25183655329272436,,,0,8.5
NKE,2022-05-31,0.07206943105110897,0.1527601126076984,0.23661767017764504,0.23502390626784808,,,,,0.2380852788162401,,,0,8.5
NKE,2021-05-31,0.0687182256509161,0.14468705596858053,0.23833385735995388,0.23242114195264435,,,,,0.24668636114088519,,,0,8.5
NI,2023-12-31,0.008494349083895854,0.051637760831040554,0.201241943090709,0.19152184200649466,,,,,0.22591566233562518,,,10,10.0
NI,2022-12-31,0.009026962391513982,0.05043239014629421,0.20068385473982078,0.19225453239992818,,,,,0.22657185433060573,,,10,10.0
NI,2021-12-31,0.007559652844744455,0.04937123820572724,0.19977270345333545,0.19046604983600135,,,,,0.2253483569057018,,,10,10.0
NI,2020-12-31,0.007223452266152362,0.049026390433667355,0.19925260703243725,0.18555017052593786,,,,,0.2218216517215236,,,10,10.0
JWN,2024-01-31,0.022670009643201542,0.06713888105412727,0.19639862705025415,0.18678709551084346,,,,,0.22260855925335282,,,0,8.5
JWN,2023-01-31,0.02396142719382835,0.0677828097643008,0.1959401037572709,0.18769275958290496,,,,,0.22467386473556245,,,0,8.5
JWN,2022-01-31,0.022818129218900675,0.06743157592238797,0.19611696274170728,0.18714609748535432,,,,,0.22404643015868864,,,0,8.5
JWN,2021-01-31,0.016532304725168756,0.05503195695788919,0.18603600062883194,0.18006396762454918,,,,,0.208203707092625,,,0,8.5
NSC,2023-12-31,0.018755641272902603,0.062056633796146,0.22089032122831842,0.20060051239372723,,,,,0.23515725079082897,,,5,10.0
NSC,2022-12-31,0.019664416586306653,0.06633530059762971,0.22565896347534456,0.21237414533052656,,,,,0.24475177119552427,,,5,10.0
NSC,2021-12-31,0.01719112825458052,0.0637010467832834,0.2237724676413562,0.21021197434767708,,,,,0.24509163159133093,,,5,10.0
NSC,2020-12-31,0.015103567984570878,0.05849639985312039,0.21684876591730862,0.20211811164961405,,,,,0.23578468536770278,,,5,10.0
NTRS,2023-12-31,0.010450916104146576,0.09450627025417868,0.2208951686832046,0.19472838236973938,,,,,0.23161485974222895,,,3,11.0
NTRS,2022-12-31,0.010431938283510125,0.09450627025417868,0.2208951686832046,0.1965943767236174,,,,,0.23351807795874616,,,3,11.0
NTRS,2021-12-31,0.009974156219864996,0.09450627025417868,0.2208951686832046,0.1983020838432793,,,,,0.23442001516300226,,,3,11.0
NTRS,2020-12-31,0.009412999035679846,0.09450627025417868,0.2208951686832046,0.19556061421974183,,,,,0.23320436067030925,,,3,11.0
NOC,2023-12-31,0.06062102217936355,0.07331740363686678,0.20951239322957607,0.20246895448834057,,,,,0.22985019999477135,,,5,10.0
NOC,2022-12-31,0.05647367405978785,0.07822935569876908,0.21648194728292197,0.22564090011585972,,,,,0.24684321978510362,,,5,10.0
NOC,2021-12-31,0.05503105110896818,0.07713308037401082,0.21694047057590526,0.24284851748502795,,,,,0.2728033254032574,,,5,10.0
NOC,2020-12-31,0.056777627772420444,0.07825064259827895,0.21952130168212547,0.21171325533199523,,,,,0.2363598337298371,,,5,10.0
NCLH,2023-12-31,0.013191782449373192,0.05485281173333901,0.1989919758423728,0.1870496401821119,,,,,0.22219021724922222,,,0,8.5
NCLH,2022-12-31,0.00747349662487946,0.04152368433656717,0.18272967431745532,0.16717327556665196,,,,,0.22209108258607616,,,0,8.5
NCLH,2021-12-31,0.0009997855351976856,0.033345656674241254,0.17617547031389194,0.14892391605881103,,,,,0.2224063946040626,,,0,8.5
NCLH,2020-12-31,0.0019747857280617166,0.036256097366278356,0.18060356076088666,0.15295512475318612,,,,,0.22259462497712476,,,0,8.5
NRG,2023-12-31,0.04447135969141755,0.05067878600812095,0.18602289996331814,0.184045625887306,,,,,0.221981124676479,,,10,10.0
NRG,2022-12-31,0.04866808100289296,0.060257890787562066,0.2074621390766651,0.19565607610841856,,,,,0.23382395231497213,,,10,10.0
NRG,2021-12-31,0.04164165863066538,0.07308324774225822,0.2173334905413195,0.2035378012760888,,,,,0.23983686701001278,,,10,10.0
NRG,2020-12-31,0.01402970106075217,0.05204114757675257,0.20075459833359535,0.18985493056575445,,,,,0.22883061880735142,,,10,10.0
NUE,2023-12-31,0.05355988582449373,0.08004083891670968,0.2337050123146256,0.22261223707184932,,,,,0.2578224360147447,,,7,9.0
NUE,2022-12-31,0.064050093731919,0.10499380019051774,0.26171266310328567,0.24776306685595859,,,,,0.278873859506941,,,7,9.0
NUE,2021-12-31,0.05629151629701061,0.09712900393275468,0.2539354726720118,0.24139995267701242,,,,,0.27660683380826645,,,7,9.0
NUE,2020-12-31,0.031073724975891996,0.05031132090533183,0.20345928968191584,0.19158034301006835,,,,,0.22225588873493501,,,7,9.0
NVDA,2024-01-31,0.09399729990356799,0.27421251776125677,0.4088717706859508,0.4285096522576328,,,,,0.3283574285639591,,,6,9.0
NVDA,2023-01-31,0.04161851494696239,0.12017519118296621,0.2294254048105644,0.22133287642172939,,,,,0.21737993777940445,,,6,9.0
NVDA,2022-01-31,0.04152594021215043,0.13145192619831939,0.25866609023738407,0.26526166348460367,,,,,0.2272097461504274,,,6,9.0
NVDA,2021-01-31,0.025728061716489874,0.09377943579072849,0.22258030707959964,0.22103914753349324,,,,,0.22428171812501632,,,6,9.0
ORLY,2023-12-31,0.024396914175506268,0.08158631571665008,0.2137660221139234,0.2048398443236892,,,,,0.2394752816919819,,,0,8.5
ORLY,2022-12-31,0.022233149469623917,0.07773819242292812,0.2122470982025887,0.20342071767758357,,,,,0.23863441478654152,,,0,8.5
ORLY,2021-12-31,0.020563260173577628,0.07581302119643019,0.21200262013310278,0.20335573016106132,,,,,0.23840498287626466,,,0,8.5
ORLY,2020-12-31,0.017904714368370298,0.07084116247758224,0.20874165487606772,0.19999104126890876,,,,,0.23570894878565263,,,0,8.5
OXY,2023-12-31,0.04359807135969142,0.09225210075089538,0.23490803332809307,0.22400907295899217,,,,,0.26757470392930904,,,2,12.0
OXY,2022-12-31,0.05652304725168756,0.13235661942748883,0.28240449614840435,0.29424291379057127,,,,,0.2435230451491464,,,2,12.0
OXY,2021-12-31,0.04004783027965284,0.08023032425269677,0.2234515013362679,0.20463928460697442,,,,,0.24618964210086008,,,2,12.0
OXY,2020-12-31,0.027477724204435873,0.045075009712147895,0.1846538804171252,0.06468562849822945,,,,,0.16548586965046663,,,2,12.0
OMC,2023-12-31,0.02266877531340405,0.0528739975200762,0.20668068437876644,0.19632757298346956,,,,,0.23599121591592376,,,0,8.5
OMC,2022-12-31,0.02204682738669238,0.052723392706043884,0.2065405072577687,0.19629575235391067,,,,,0.2365637499673211,,,0,8.5
OMC,2021-12-31,0.02204729026036644,0.05330079985524908,0.2072911753917099,0.19708066121636394,,,,,0.2350448354291391,,,0,8.5
OMC,2020-12-31,0.02032185149469624,0.050066255474724465,0.2033668710370487,0.19345474127380427,,,,,0.23224752294057668,,,0,8.5
OKE,2023-12-31,0.027274059787849567,0.06495165212948821,0.22060210658701462,0.20738891336629622,,,,,0.24417662283338995,,,2,12.0
OKE,2022-12-31,0.034541176470588235,0.05894874646770511,0.21128098307394017,0.19974380313637177,,,,,0.23607225954876995,,,2,12.0
OKE,2021-12-31,0.02551976856316297,0.057937618740986324,0.20989886286223342,0.1979324749922488,,,,,0.23492196282450128,,,2,12.0
OKE,2020-12-31,0.013179929797492768,0.05363997466858958,0.20578890242624326,0.19069376315660644,,,,,0.22722300070586388,,,2,12.0
ORCL,2024-05-31,0.08171417550626808,0.23971177538063637,0.2981645967615155,0.27109544557040516,,,,,0.25557501764659746,,,6,9.0
ORCL,2023-05-31,0.07707463837994213,0.2321123522556131,0.28311193208615,0.25507090288996587,,,,,0.23855585474889543,,,6,9.0
ORCL,2022-05-31,0.06548119575699132,0.21706783602701307,0.2965859665671016,0.24049868637913868,,,,,0.2466340749261457,,,6,9.0
ORCL,2021-05-31,0.062455544840887174,0.2120707363670713,0.2962715505947702,0.2978492518072485,,,,,0.20273979765234895,,,6,9.0
PCAR,2023-12-31,0.05419849566055931,0.07906220564209271,0.23184509773096473,0.22323232323232323,,,,,0.2514810070324959,,,5,10.0
PCAR,2022-12-31,0.044466268081002895,0.06626877903666137,0.21699025310485773,0.2102658246438537,,,,,0.2441530940367572,,,5,10.0
PCAR,2021-12-31,0.03629284474445516,0.061226444715261105,0.20801367709479643,0.20091463912142424,,,,,0.23614546024940522,,,5,10.0
PCAR,2020-12-31,0.028896432015429123,0.05688764242266203,0.2031887019860609,0.19631043879832247,,,,,0.2316906747536012,,,5,10.0
PKG,2023-12-31,0.012038418514946962,0.047495862358907764,0.2002174710475292,0.19193714201791745,,,,,0.22877571828187496,,,7,9.0
PKG,2022-12-31,0.013080810028929605,0.0495803819934117,0.2026017921710423,0.1940960493464532,,,,,0.23102663982640975,,,7,9.0
PKG,2021-12-31,0.011927174541947926,0.04842237466007482,0.20138474034480952,0.1925564204239487,,,,,0.22926459438968913,,,7,9.0
PKG,2020-12-31,0.010273018322082932,0.045742354011782296,0.19832966514698946,0.1894551329123219,,,,,0.22675747039293087,,,7,9.0
PH,2024-06-30,0.030749633172613308,0.07638692132894113,0.21834625713986272,0.20890010770059234,,,,,0.24186732373009853,,,5,10.0
PH,2023-06-30,0.02941592131147541,0.07266976036272876,0.21347664806372163,0.20268872896982748,,,,,0.23785333716765572,,,5,10.0
PH,2022-06-30,0.024473069238187078,0.06672005598454571,0.2112825420531363,0.19642797114929583,,,,,0.23006039057802408,,,5,10.0
PH,2021-06-30,0.022137149469623914,0.06369635302194147,0.208030124980349,0.1999404383087743,,,,,0.23534276228072468,,,5,10.0
PDCO,2024-04-30,0.010134267309546769,0.045800052152903795,0.1945509353875177,0.1872108075912599,,,,,0.22377281639695693,,,4,8.0
PDCO,2023-04-30,0.009984911861137898,0.04576121952647292,0.19470190090656606,0.187387257061732,,,,,0.2239304331912891,,,4,8.0
PDCO,2022-04-30,0.010028011571841852,0.045314950321698265,0.19392261436880995,0.18735178929847748,,,,,0.22395597500718933,,,4,8.0
PDCO,2021-04-30,0.009121799035679846,0.04485751081640581,0.19427374495624378,0.186966441474519,,,,,0.22344048521607277,,,4,8.0
PAYX,2024-05-31,0.008143953712632594,0.05867201677407681,0.2071352774720956,0.1994859744455867,,,,,0.23606180230582205,,,6,9.0
PAYX,2023-05-31,0.007725515911282546,0.057368726351585075,0.2062116805533721,0.19839999347269135,,,,,0.23510235026535253,,,6,9.0
PAYX,2022-05-31,0.007115448408871745,0.0557791271306856,0.20494681129801395,0.1970578156361678,,,,,0.23355729261980077,,,6,9.0
PAYX,2021-05-31,0.0062592864030858245,0.05327898078325147,0.20246227008332024,0.19464842283905287,,,,,0.2310710831089383,,,6,9.0
PYPL,2023-12-31,0.04593404050144648,0.11138370168539027,0.22527904417544412,0.2203374618560402,,,,,0.2527254189432956,,,6,9.0
PYPL,2022-12-31,0.04245785920925747,0.1117509007019355,0.21938374469423047,0.20543072077805516,,,,,0.24702622153669182,,,6,9.0
PYPL,2021-12-31,0.039145226615236256,0.1129376453496107,0.2212178378661636,0.21970920840064617,,,,,0.22043868134166425,,,6,9.0
PYPL,2020-12-31,0.033101639344262294,0.10113938129626573,0.21534873971597757,0.21997845988152934,,,,,0.2448302005176335,,,6,9.0
PNR,2023-12-31,0.006332883317261331,0.046539548398426896,0.19773620499921396,0.19077446516864932,,,,,0.2221641264280672,,,5,10.0
PNR,2022-12-31,0.006359575699132112,0.04571680973237045,0.19679361211549548,0.18961749971443023,,,,,0.2240307442942668,,,5,10.0
PNR,2021-12-31,0.005808756027000964,0.04547520342293344,0.1970661059581827,0.19020577340448097,,,,,0.22411963085932393,,,5,10.0
PNR,2020-12-31,0.004656200578592093,0.044083040194987995,0.19591652255934602,0.18861963740800572,,,,,0.22422943191027683,,,5,10.0
PEP,2023-12-31,0.14113172613307617,0.3023591206381812,0.2774786459152125,0.2597297694228227,,,,,0.28140440772790254,,,1,9.0
PEP,2022-12-31,0.13329527483124398,0.28227493095061973,0.2672863281454698,0.2583916711541913,,,,,0.26741784528509055,,,1,9.0
PEP,2021-12-31,0.12262140790742526,0.264090597044314,0.2660090132578735,0.247850067720827,,,,,0.2782672348435335,,,1,9.0
PEP,2020-12-31,0.1085778206364513,0.2437403211128791,0.2591966671906933,0.2437868181002268,,,,,0.27178374421583745,,,1,9.0
PRGO,2023-12-31,0.007183182256509161,0.047397410448674626,0.19475514856154694,0.18559015029128112,,,,,0.22216674073880419,,,4,8.0
PRGO,2022-12-31,0.006868428158148505,0.046200022351244485,0.19368940942199864,0.18454659682446434,,,,,0.2220543253771143,,,4,8.0
PRGO,2021-12-31,0.006385650916104146,0.04599141073604777,0.19682701881255568,0.18513160686020136,,,,,0.23245405348879766,,,4,8.0
PRGO,2020-12-31,0.006307733847637415,0.04641023048390444,0.19465230833726355,0.1843670958372089,,,,,0.22126741784528506,,,4,8.0
PFE,2023-12-31,0.09025419479267116,0.21695607980458625,0.2148967667557512,0.20298298004275386,,,,,0.1931191341402839,,,4,8.0
PFE,2022-12-31,0.1548003857280617,0.38961412172913484,0.43703820154063827,0.44166217914198524,,,,,0.30927296018404743,,,4,8.0
PFE,2021-12-31,0.12542025072324012,0.30702627335572,0.3481632866949641,0.365023416719701,,,,,0.27068573370630833,,,4,8.0
PFE,2020-12-31,0.06426383799421408,0.21496043297553605,0.25072708693601636,0.26042329596449143,,,,,0.2319416485843507,,,4,8.0
PCG,2023-12-31,0.03769026036644166,0.08266235252169933,0.2191086307184405,0.20410078164520812,,,,,0.18156388068285795,,,10,10.0
PCG,2022-12-31,0.033450337512054,0.0757866839800116,0.21046219147932715,0.20049444362853086,,,,,0.18728922119683145,,,10,10.0
PCG,2021-12-31,0.031848794599807134,0.0707097584469078,0.20691846145784207,0.1849757673667205,,,,,0.24412433661865046,,,10,10.0
PCG,2020-12-31,0.028496046287367405,0.0697837783182285,0.20603416653566,0.17505425825296583,,,,,0.23173250372539278,,,10,10.0
PM,2023-12-31,0.05427039537126326,0.15702813595942716,0.2726510506733742,0.24944109919877283,,,,,0.28341742699537265,,,1,9.0
PM,2022-12-31,0.049005978784956605,0.14680510246981252,0.2729523659801918,0.25951763189242993,,,,,0.28093383179524717,,,1,9.0
PM,2021-12-31,0.048455159112825455,0.1522066532204418,0.27713147827909657,0.26001533917527453,,,,,0.292096938642127,,,1,9.0
PM,2020-12-31,0.04427232401157184,0.14023277224614042,0.26868809935544724,0.25142376919436693,,,,,0.28441086507542285,,,1,9.0
PSX,2023-12-31,0.22742372227579558,0.13071220644035145,0.2449693444426977,0.24293010884287133,,,,,0.2805678282920708,,,2,12.0
PSX,2022-12-31,0.26227965284474447,0.13652885173142318,0.25590840014672744,0.27564008420228125,,,,,0.3071815115944681,,,2,12.0
PSX,2021-12-31,0.1719976856316297,0.07979926453762193,0.1959597547555416,0.19642303487214632,,,,,0.2260855925335285,,,2,12.0
PSX,2020-12-31,0.09894541947926712,0.06520709492360663,0.18278048524865065,0.15326120657299977,,,,,0.18958981464536873,,,2,12.0
PNW,2023-12-31,0.007245502025072324,0.04827128556907865,0.19829586542996386,0.1897860429823273,,,,,0.22427941753156777,,,10,10.0
PNW,2022-12-31,0.0066721465766634526,0.047544130403546395,0.1976884596237489,0.1896395456993195,,,,,0.22422490915270188,,,10,10.0
PNW,2021-12-31,0.005868983606557377,0.047486905895938986,0.1981692474977729,0.19074199180822765,,,,,0.2251466889754516,,,10,10.0
PNW,2020-12-31,0.005534398457087753,0.047153957500705126,0.19805685688832994,0.1901858569540314,,,,,0.22431238398996103,,,10,10.0
PNC,2023-12-31,0.033186499517839925,0.09450627025417868,0.2208951686832046,0.23120543072077804,,,,,0.2507385427831952,,,3,11.0
PNC,2022-12-31,0.03257704918032787,0.09450627025417868,0.2208951686832046,0.2349831105889264,,,,,0.2578233248803953,,,3,11.0
PNC,2021-12-31,0.029640887174541948,0.09450627025417868,0.2208951686832046,0.23198870775607444,,,,,0.2552874434655303,,,3,11.0
PNC,2020-12-31,0.02607675988428158,0.09450627025417868,0.2208951686832046,0.24702599500660888,,,,,0.23340566259705625,,,3,11.0
RL,2024-03-31,0.010231668273866923,0.06203960427653811,0.19821437929046795,0.1909670207731597,,,,,0.22569606023371935,,,0,8.5
RL,2023-03-31,0.009941909353905497,0.060624025459131814,0.19769624796939686,0.18995855159021555,,,,,0.22669211262450653,,,0,8.5
RL,2022-03-31,0.00959459980713597,0.06052663789387416,0.19828970811717236,0.1905900686999233,,,,,0.2263078089461713,,,0,8.5
RL,2021-03-31,0.006790048216007714,0.053682367528963486,0.1942795944033957,0.1847056999722589,,,,,0.22347912472876524,,,0,8.5
PPG,2023-12-31,0.028151976856316298,0.0783730422704607,0.20638133417177593,0.19605587376185113,,,,,0.23374552299286291,,,7,9.0
PPG,2022-12-31,0.027235486981677916,0.07334401226125412,0.20417387203269927,0.19406504463047272,,,,,0.23076520875271234,,,7,9.0
PPG,2021-12-31,0.025924011571841852,0.07313114326615543,0.2040363150448043,0.1974347677094042,,,,,0.23204622101382968,,,7,9.0
PPG,2020-12-31,0.021344648023143682,0.07068847154739794,0.20459964366189803,0.19433429611135586,,,,,0.2298763431021411,,,7,9.0
PPL,2023-12-31,0.012824686595949856,0.05588875466316142,0.2035712414190641,0.19173153179615213,,,,,0.2270790306135787,,,10,10.0
PPL,2022-12-31,0.012192092574734812,0.05381860368582665,0.20189435623329666,0.19186207796870153,,,,,0.22752346343886432,,,10,10.0
PPL,2021-12-31,0.008922661523625844,0.05289262355714734,0.20222187287114185,0.1736182503549224,,,,,0.23541868186452639,,,10,10.0
PPL,2020-12-31,0.008445901639344262,0.05329175292295739,0.2032830267777603,0.19767954178293434,,,,,0.23047763457164516,,,10,10.0
PX,2023-12-31,0.00037297434908389583,0.03892015816166335,0.19304469292040036,0.18563557220019253,,,,,0.22238979373088283,,,7,9.0
PX,2022-12-31,0.00030605207328833175,0.03900857862050248,0.19319432217156632,0.1859320670354596,,,,,0.2224272306606363,,,7,9.0
PX,2021-12-31,0.00023226075216972034,0.03896449345161754,0.19318221715663156,0.18578162073073218,,,,,0.2220838670884421,,,7,9.0
PX,2020-12-31,0.00010394291224686595,0.03868276133660442,0.19295125242362313,0.18588800770222416,,,,,0.22156709628506444,,,7,9.0
PFG,2023-12-31,0.021085130183220828,0.09450627025417868,0.2208951686832046,0.1907785447365415,,,,,0.22406473033384747,,,3,11.0
PFG,2022-12-31,0.027056663452266153,0.09450627025417868,0.2208951686832046,0.2245059643282583,,,,,0.25336592507385425,,,3,11.0
PFG,2021-12-31,0.02226082931533269,0.09450627025417868,0.2208951686832046,0.19858683768215268,,,,,0.22969072703981594,,,3,11.0
PFG,2020-12-31,0.022745149469623915,0.09450627025417868,0.2208951686832046,0.19708229304352082,,,,,0.22919662231052781,,,3,11.0
PG,2024-06-30,0.12966480231436836,0.2683054031472681,0.32315411622910445,0.3070935526509032,,,,,0.321272646466759,,,1,9.0
PG,2023-06-30,0.12652806171648986,0.24731119850565966,0.31167793323900855,0.3052495879636429,,,,,0.3167760319991634,,,1,9.0
PG,2022-06-30,0.1237215043394407,0.24083998105465945,0.30957527642404237,0.30597575104844893,,,,,0.30597892865545995,,,1,9.0
PG,2021-06-30,0.11744339440694311,0.2460552714345774,0.3107084839909867,0.3024183678464777,,,,,0.30757365820501426,,,1,9.0
PGR,2023-12-31,0.09578754098360656,0.09450627025417868,0.2208951686832046,0.21753398280054176,,,,,0.2484457922668688,,,3,11.0
PGR,2022-12-31,0.07650746383799421,0.09450627025417868,0.2208951686832046,0.1915805877841419,,,,,0.2275130061959164,,,3,11.0
PGR,2021-12-31,0.07356065573770491,0.09450627025417868,0.2208951686832046,0.21303421941547948,,,,,0.24472824239889152,,,3,11.0
PGR,2020-12-31,0.06578684667309546,0.09450627025417868,0.2208951686832046,0.2322383773110752,,,,,0.26066246634074924,,,3,11.0
PLD,2023-12-31,0.012379508582449373,0.07045502876392296,0.21309858905832418,0.21065431373508917,,,,,0.22778588795064178,,,8,9.5
PLD,2022-12-31,0.009216882545805207,0.06221414620906928,0.20783159094482,0.2131480883144857,,,,,0.22580878931269768,,,8,9.5
PLD,2021-12-31,0.007343398264223722,0.05713910988829699,0.2034887661793219,0.20967937044108287,,,,,0.22682434446158267,,,8,9.5
PLD,2020-12-31,0.006848578592092575,0.055849538872539364,0.2020765013362679,0.19778409294887483,,,,,0.22567927635878798,,,8,9.5
PRU,2023-12-31,0.08372613307618129,0.09450627025417868,0.2208951686832046,0.20599370114717447,,,,,0.238294423675198,,,3,11.0
PRU,2022-12-31,0.08788428158148505,0.09450627025417868,0.2208951686832046,0.172255674678938,,,,,0.21497477190138817,,,3,11.0
PRU,2021-12-31,0.10977666345226615,0.09450627025417868,0.2208951686832046,0.25804898745124916,,,,,0.2744241980601814,,,3,11.0
PRU,2020-12-31,0.08799228543876567,0.09450627025417868,0.2208951686832046,0.1826422545323999,,,,,0.22015110716059708,,,3,11.0
PEG,2023-12-31,0.017337704918032788,0.06414274994811318,0.21565005502279516,0.2066056363309998,,,,,0.23581082847507254,,,10,10.0
PEG,2022-12-31,0.015120540019286402,0.0523125555455034,0.2050319656238537,0.1941058403093944,,,,,0.22151054874382367,,,10,10.0
PEG,2021-12-31,0.015000192864030858,0.05440399342234805,0.20658439448723995,0.18040665132749137,,,,,0.21073958850748997,,,10,10.0
PEG,2020-12-31,0.01481658630665381,0.05671894374404632,0.20672195147513495,0.20123692498490559,,,,,0.232621369375964,,,10,10.0
PSA,2023-12-31,0.006970399228543877,0.05638763444007472,0.20808478750720538,0.20322226301790114,,,,,0.22255159342239417,,,8,9.5
PSA,2022-12-31,0.006452710511089681,0.05510782346774236,0.2071047398207829,0.22117905223478726,,,,,0.2226432250137251,,,8,9.5
PSA,2021-12-31,0.005270316682738669,0.05173369024368178,0.20406796625268564,0.20163070935526506,,,,,0.22259195838017304,,,8,9.5
PSA,2020-12-31,0.004497694117647059,0.04935157975402987,0.20213770109521564,0.19676745647101057,,,,,0.24273910058299436,,,8,9.5
PHM,2023-12-31,0.024781605400192863,0.06357058469791228,0.2151411269192475,0.20692687782510075,,,,,0.24440916577344382,,,0,8.5
PHM,2022-12-31,0.024691192285438767,0.06418265224124443,0.21544147932714983,0.20704881610939768,,,,,0.2437646336043502,,,0,8.5
PHM,2021-12-31,0.02119497782063645,0.058583793219058156,0.20964485405858618,0.2015740604755144,,,,,0.23700099343808004,,,0,8.5
PHM,2020-12-31,0.01702770607521697,0.05323934457636409,0.2043377941099408,0.1971723617434441,,,,,0.23068298868003448,,,0,8.5
PVH,2024-01-31,0.014222102217936355,0.06699625882741114,0.19826940208562596,0.19110817382222872,,,,,0.2269064861049384,,,0,8.5
PVH,2023-01-31,0.013923548698167792,0.06571744833935575,0.19777747209558247,0.18732886212692348,,,,,0.22717837442158373,,,0,8.5
PVH,2022-01-31,0.014124898746383799,0.06678817938470216,0.1985942985903684,0.19346371632316703,,,,,0.22280986118009985,,,0,8.5
PVH,2021-01-31,0.011004975891996142,0.05855387448179704,0.1915422103442855,0.17642417715115613,,,,,0.22081775639852552,,,0,8.5
QRVO,2024-03-31,0.005816016972034715,0.04637614483606426,0.1949452064664885,0.185120004569116,,,,,0.2260302214321194,,,6,9.0
QRVO,2023-03-31,0.005507269431051109,0.04535675247061077,0.19417530655557302,0.18653540249016823,,,,,0.22283017437452612,,,6,9.0
QRVO,2022-03-31,0.007167929026036644,0.05062114108424823,0.20123977493056647,0.19412503875589496,,,,,0.22613084625238553,,,6,9.0
QRVO,2021-03-31,0.006195266345226615,0.04847860400513014,0.19883290756170413,0.191679403077626,,,,,0.2241972497451047,,,6,9.0
QCOM,2024-09-30,0.060114946962391516,0.15501120223086706,0.2588626002200912,0.2684437264404954,,,,,0.22817704112310788,,,6,9.0
QCOM,2023-09-30,0.05526711668273867,0.1446285169949284,0.24390819053607923,0.24470064130807262,,,,,0.22498758202399935,,,6,9.0
QCOM,2022-09-30,0.06819672131147542,0.17450468045702974,0.2967824765498087,0.291240351821935,,,,,0.27486863088546704,,,6,9.0
QCOM,2021-09-30,0.0517893924783028,0.14118536099920706,0.25701540638264425,0.25947683621350826,,,,,0.2544508640296985,,,6,9.0
PWR,2023-12-31,0.03221941137897782,0.05408514759803948,0.2000532869569774,0.1917697899838449,,,,,0.2280010195811874,,,5,10.0
PWR,2022-12-31,0.026343534040501448,0.051914251047049366,0.19838646308232458,0.1897014490625153,,,,,0.2272945282476275,,,5,10.0
PWR,2021-12-31,0.020027329604628736,0.048849490977015464,0.19703359665671016,0.18965875230495585,,,,,0.22569130218817807,,,5,10.0
PWR,2020-12-31,0.017284739826422372,0.0472933547621455,0.1968838036472253,0.18932944958469997,,,,,0.22538984601709758,,,5,10.0
DGX,2023-12-31,0.014275024108003857,0.05470201001548622,0.2011607189645234,0.19266167327556663,,,,,0.2287521894852422,,,4,8.0
DGX,2022-12-31,0.015248601735776277,0.056724265468923785,0.20224807420216948,0.1934123137677257,,,,,0.22917047920315806,,,4,8.0
DGX,2021-12-31,0.01664493731918997,0.0608539239738384,0.20849054131949904,0.20197124720549597,,,,,0.23787613395728213,,,4,8.0
DGX,2020-12-31,0.01456046287367406,0.05778861044441724,0.2058049048891684,0.1973694946231295,,,,,0.2342945282476275,,,4,8.0
RRC,2023-12-31,0.003939462295081967,0.042659952423779596,0.1966619045747524,0.19280153718118176,,,,,0.22826072520979843,,,2,12.0
RRC,2022-12-31,0.008231913596914175,0.05563125768324029,0.21252810092752714,0.19534904782885396,,,,,0.22829363938197691,,,2,12.0
RRC,2021-12-31,0.005524303182256509,0.04696337056766839,0.20190878006602736,0.18905352393074523,,,,,0.22201398656244278,,,2,12.0
RRC,2020-12-31,0.002747905110896818,0.03854894124283562,0.19159072865901589,0.17988628612457366,,,,,0.22160069017803455,,,2,12.0
RJF,2024-09-30,0.019500867888138863,0.09450627025417868,0.2208951686832046,0.20256686411775263,,,,,0.2373009855951478,,,3,11.0
RJF,2023-09-30,0.017694117647058822,0.09450627025417868,0.2208951686832046,0.1998825084447055,,,,,0.2364121199445766,,,3,11.0
RJF,2022-09-30,0.016742140790742526,0.09450627025417868,0.2208951686832046,0.19800590721430783,,,,,0.23568011293822383,,,3,11.0
RJF,2021-09-30,0.01485824493731919,0.09450627025417868,0.2208951686832046,0.19714103882116804,,,,,0.23241222451700608,,,3,11.0
O,2023-12-31,0.00629352825458052,0.05847526728363197,0.20417594193785044,0.19281105889264208,,,,,0.22362868944602754,,,8,9.5
O,2022-12-31,0.0051590063645130186,0.055044468333076114,0.20146532908871773,0.1927873892397317,,,,,0.22344992287783325,,,8,9.5
O,2021-12-31,0.0032099718418514946,0.0488154266160748,0.1991303974741917,0.18862662162823712,,,,,0.2230963112075501,,,8,9.5
O,2020-12-31,0.0025413107039537128,0.04666345944047384,0.19808357569564536,0.1889205952905468,,,,,0.2226528195341298,,,8,9.5
REG,2023-12-31,0.002040448987463838,0.04339173216823036,0.19596073730545513,0.18866824137987304,,,,,0.24273910058299436,,,8,9.5
REG,2022-12-31,0.0018885585342333655,0.04312767882326019,0.1959880063407221,0.18963353241624645,,,,,0.24273910058299436,,,8,9.5
REG,2021-12-31,0.0017992840887174541,0.04292226024298996,0.1958561219409946,0.1886425727386955,,,,,0.24273910058299436,,,8,9.5
REG,2020-12-31,0.0015678688524590164,0.04219647808247609,0.19465987397159776,0.18606002676196534,,,,,0.24273910058299436,,,8,9.5
REGN,2023-12-31,0.020238688524590164,0.09859772549478737,0.22062306765183673,0.21795173055269984,,,,,0.22869206033829179,,,4,8.0
REGN,2022-12-31,0.018781716489874638,0.09493158922670016,0.22560656081328934,0.221091366002513,,,,,0.2358735719327599,,,4,8.0
REGN,2021-12-31,0.02479722275795564,0.11101224528894305,0.25181313210711104,0.25158124051500463,,,,,0.2549606546234085,,,4,8.0
REGN,2020-12-31,0.013110279652844744,0.07771421273063026,0.21632211916365351,0.2143584471532775,,,,,0.2300384303678335,,,4,8.0
RF,2023-12-31,0.011686017357762778,0.09450627025417868,0.2208951686832046,0.20261581893245867,,,,,0.23620297508561866,,,3,11.0
RF,2022-12-31,0.011053423336547734,0.09450627025417868,0.2208951686832046,0.2040110311515804,,,,,0.23876499960785336,,,3,11.0
RF,2021-12-31,0.009930183220829315,0.09450627025417868,0.2208951686832046,0.2062629526280576,,,,,0.24041201537214713,,,3,11.0
RF,2020-12-31,0.009681774349083896,0.09450627025417868,0.2208951686832046,0.1946198658638077,,,,,0.22802018247888942,,,3,11.0
RSG,2023-12-31,0.02308891031822565,0.07050380769414982,0.21154823665042186,0.19981723535843082,,,,,0.23429714255836448,,,5,10.0
RSG,2022-12-31,0.02084675024108004,0.06669345268188326,0.2091901168579364,0.197831301708523,,,,,0.23125931348200046,,,5,10.0
RSG,2021-12-31,0.017427193828351013,0.06270748074866025,0.20660601058533773,0.19622232013185162,,,,,0.2296619696217092,,,5,10.0
RSG,2020-12-31,0.015666113789778207,0.06002426706544125,0.2049553267305979,0.19358528744635367,,,,,0.22679407074324853,,,5,10.0
RMD,2024-06-30,0.00722900212150434,0.05258557599689211,0.2019606521511293,0.1940238491538976,,,,,0.22864361716033565,,,4,8.0
RMD,2023-06-30,0.006515707618129219,0.050990969032882937,0.20044016271026568,0.19301705259378923,,,,,0.22760471621656947,,,4,8.0
RMD,2022-06-30,0.005520735969141755,0.04922761017300927,0.1994586149976419,0.19205330363407905,,,,,0.2270018038744085,,,4,8.0
RMD,2021-06-30,0.004932420443587271,0.048241968186728684,0.19887040166640466,0.1895653220410894,,,,,0.2329653342396277,,,4,8.0
RHI,2023-12-31,0.009863092767598843,0.05215824681095636,0.19593741812084053,0.18904836735692954,,,,,0.22659373611147418,,,5,10.0
RHI,2022-12-31,0.01116781793635487,0.05492046149998137,0.19928133679190904,0.19106182177183792,,,,,0.22851784267077982,,,5,10.0
RHI,2021-12-31,0.009969441080038572,0.052802303242526966,0.19775785384897554,0.19057804213377716,,,,,0.22763206190687824,,,5,10.0
RHI,2020-12-31,0.007882738669238188,0.0491653459919429,0.19515636299324007,0.18819271878722604,,,,,0.2252909989281326,,,5,10.0
ROK,2024-09-30,0.012750935390549662,0.055449180188282626,0.20069433527223185,0.1934653481503239,,,,,0.22623722255627302,,,5,10.0
ROK,2023-09-30,0.01397569913211186,0.05823563533412449,0.20398587748257613,0.19701375630293239,,,,,0.2309089958432459,,,5,10.0
ROK,2022-09-30,0.011973616200578591,0.05496277453448212,0.20164085835560447,0.19329971769390183,,,,,0.2263078089461713,,,5,10.0
ROK,2021-09-30,0.010796374156219864,0.05387554614201555,0.20087053922339254,0.1966620975506274,,,,,0.22702413008810224,,,5,10.0
ROP,2023-12-31,0.009531803278688524,0.06137651735680569,0.20432583975265944,0.1969876470684225,,,,,0.23206452118898852,,,5,10.0
ROP,2022-12-31,0.008288216007714561,0.05842615308473782,0.20288018131321073,0.22277459571482186,,,,,0.2300175158819377,,,5,10.0
ROP,2021-12-31,0.007458129218900675,0.05658909365703611,0.20164282345543155,0.19509799122076987,,,,,0.2281927269875297,,,5,10.0
ROP,2020-12-31,0.006206210221793636,0.053506218435519316,0.1999875543677619,0.19344250257012774,,,,,0.2271705314893728,,,5,10.0
ROST,2024-01-31,0.031439831822565094,0.06812520954291705,0.20801015956610597,0.20098823452619896,,,,,0.23788295730830564,,,0,8.5
ROST,2023-01-31,0.028846023529411766,0.06373084312087234,0.2059315293716921,0.19803071914622802,,,,,0.23469838697027526,,,0,8.5
ROST,2022-01-31,0.029186104532304726,0.06616679882283445,0.20817526070324374,0.19974860886734874,,,,,0.23628012339546675,,,0,8.5
ROST,2021-01-31,0.019335105110896818,0.052786141164074096,0.19413686265262275,0.18639041464728054,,,,,0.22281548194818435,,,0,8.5
RCL,2023-12-31,0.021446480231436835,0.07105034883906572,0.21174605669968036,0.19953982474176332,,,,,0.24273910058299436,,,0,8.5
RCL,2022-12-31,0.013639344262295083,0.05029030009206584,0.18787664413352198,0.1681026745647101,,,,,0.24273910058299436,,,0,8.5
RCL,2021-12-31,0.00236374156219865,0.03203146203747558,0.16754441125609182,0.1427767170901258,,,,,0.24273910058299436,,,0,8.5
RCL,2020-12-31,0.003407992285438766,0.035494292450068916,0.17301277969920872,0.13839149165320408,,,,,0.24273910058299436,,,0,8.5
SPGI,2023-12-31,0.019281774349083895,0.08292311704069523,0.21944924802179952,0.2071196618854131,,,,,0.24260803639120543,,,3,11.0
SPGI,2022-12-31,0.017251301832208292,0.07798455635440558,0.21266965361840381,0.21219464434327115,,,,,0.2531175655538417,,,3,11.0
SPGI,2021-12-31,0.012801542912246866,0.07100777504004598,0.22047109993187655,0.21036699792757949,,,,,0.2458236385976837,,,3,11.0
SPGI,2020-12-31,0.011482352941176471,0.06691536860927363,0.21648194728292197,0.20477798991530816,,,,,0.24041201537214713,,,3,11.0
CRM,2024-01-31,0.05378129218900675,0.17850129584000768,0.2321896452339779,0.21943995691976304,,,,,0.24354918825651614,,,6,9.0
CRM,2023-01-31,0.04837338476374156,0.1608118823473064,0.20506471728763823,0.18739087155888445,,,,,0.23408538338866955,,,6,9.0
CRM,2022-01-31,0.040874831243973,0.14204748042935675,0.1964837813760939,0.1974755633883259,,,,,0.22456929230608347,,,6,9.0
CRM,2021-01-31,0.03278997107039537,0.12261254117684625,0.19587460042970184,0.21891777222956543,,,,,0.18276646362186608,,,6,9.0
SBAC,2023-12-31,0.004183736162005786,0.04962488225683708,0.2001959663050883,0.1897881235619523,,,,,0.22360429792685158,,,8,9.5
SBAC,2022-12-31,0.004063188428158148,0.048910930290725824,0.19941423649321385,0.18945863318157338,,,,,0.22399529424067344,,,8,9.5
SBAC,2021-12-31,0.0035623282545805207,0.04783884752726053,0.1984171775926217,0.18763257779735967,,,,,0.22265927688165013,,,8,9.5
SBAC,2020-12-31,0.003214099132111861,0.04700472036996631,0.19741637190169262,0.1858904391246879,,,,,0.22117602154192045,,,8,9.5
SLB,2023-12-31,0.05112439729990357,0.07338126433539638,0.22884242519519993,0.21998661901731367,,,,,0.24859480797887634,,,2,12.0
SLB,2022-12-31,0.04334194792671167,0.06592020605718725,0.2200846302992192,0.21376935754964832,,,,,0.2426341794985752,,,2,12.0
SLB,2021-12-31,0.035377434908389585,0.057921653566353926,0.2110058690981502,0.20104110572608147,,,,,0.2339285247444511,,,2,12.0
SLB,2020-12-31,0.03641427193828351,0.052296590370871004,0.2037415500707436,0.09987598113607805,,,,,0.20104049567331572,,,2,12.0
STX,2024-06-30,0.0101076181292189,0.04662895337636835,0.195658439448724,0.18842708180349535,,,,,0.22514444066821782,,,6,9.0
STX,2023-06-30,0.011392864030858246,0.0456444342740369,0.19328721899072474,0.18137758848582755,,,,,0.22313142140074768,,,6,9.0
STX,2022-06-30,0.017991899710703953,0.05691584756451261,0.2057197505633286,0.19914818622411512,,,,,0.22305299207863843,,,6,9.0
STX,2021-06-30,0.016479845708775313,0.053978255432150665,0.20271969816066657,0.196414875736362,,,,,0.2231575645081174,,,6,9.0
SEE,2023-12-31,0.008468891031822565,0.04718933100596565,0.19826219671959336,0.18848093209967198,,,,,0.22463203576377086,,,7,9.0
SEE,2022-12-31,0.008704956605593056,0.047889669999840345,0.19912094534402347,0.18970480246732263,,,,,0.2284907584115448,,,7,9.0
SEE,2021-12-31,0.008538167791706847,0.04740007131111336,0.19859102342398993,0.18982882133124457,,,,,0.22815089801573812,,,7,9.0
SEE,2020-12-31,0.0075652073288331725,0.0470190358098867,0.19812201959859563,0.18979700070168565,,,,,0.22598363441478653,,,7,9.0
SRE,2023-12-31,0.025797492767598844,0.07367928092853455,0.21722868521720903,0.21078311385258072,,,,,0.23507882146871975,,,10,10.0
SRE,2022-12-31,0.02227810993249759,0.06618629230106061,0.20964339988471414,0.2031461627584406,,,,,0.2368042665551227,,,10,10.0
SRE,2021-12-31,0.01983722275795564,0.06664928236540027,0.21154299638421634,0.19644751227949933,,,,,0.22485686648715064,,,10,10.0
SRE,2020-12-31,0.01754291224686596,0.06528159907189118,0.21144474139286276,0.21778365235554248,,,,,0.22877833259261193,,,10,10.0
SHW,2023-12-31,0.03556705882352941,0.0957064323688594,0.21651731907980926,0.20518431487736816,,,,,0.24112049358186713,,,7,9.0
SHW,2022-12-31,0.03417380906460945,0.08808040061944877,0.21254912749567678,0.20217604151368285,,,,,0.2367258372330135,,,7,9.0
SHW,2021-12-31,0.030772767598842815,0.08391668307531837,0.21034887072263272,0.20090566407206148,,,,,0.23231288070900105,,,7,9.0
SHW,2020-12-31,0.02833049180327869,0.08466119238567604,0.21159015878006604,0.20226008061226153,,,,,0.23504744973987607,,,7,9.0
SIG,2024-01-31,0.011064378013500482,0.05349078543337466,0.19700584289681916,0.19230593495536952,,,,,0.2178086847402682,,,0,8.5
SIG,2023-01-31,0.012099672131147541,0.054697220463096496,0.19838010270921763,0.18876731776570224,,,,,0.22421636035659195,,,0,8.5
SIG,2022-01-31,0.012074831243973,0.055079852481786394,0.19880063407221088,0.19197548995610383,,,,,0.22526208465138164,,,0,8.5
SIG,2021-01-31,0.008064648023143684,0.04767467231479067,0.19384465230833728,0.18556975245182028,,,,,0.22032103735850042,,,0,8.5
SPG,2023-12-31,0.008731087367405979,0.06309676492344699,0.21128112718126082,0.20432210636249407,,,,,0.22440913963033643,,,8,9.5
SPG,2022-12-31,0.008164238379942141,0.06128760729927784,0.20981733087040821,0.20315052789608523,,,,,0.2244519620402081,,,8,9.5
SPG,2021-12-31,0.007894756412729026,0.060517191832216655,0.20870139653094377,0.20404881610939768,,,,,0.22637836919296225,,,8,9.5
SPG,2020-12-31,0.007108972806171649,0.058253457790739135,0.2058102041083687,0.19477133206050812,,,,,0.2221474732686727,,,8,9.5
SWKS,2024-09-30,0.006446287367405979,0.047612408133724304,0.19805193103809673,0.1905566162432075,,,,,0.22332488039528375,,,6,9.0
SWKS,2023-09-30,0.007363394406943105,0.04966925479886541,0.20044869779384794,0.19371256996458933,,,,,0.22477843716504142,,,6,9.0
SWKS,2022-09-30,0.00846364513018322,0.05231415206296665,0.20309765236073993,0.19609830126792968,,,,,0.22753392068181222,,,6,9.0
SWKS,2021-09-30,0.007882892960462873,0.051825085546727406,0.2035162186239061,0.19791860446141543,,,,,0.22489346683746828,,,6,9.0
SLG,2023-12-31,0.0014097743490838958,0.040772677200134104,0.19084453440234764,0.18114665230658766,,,,,0.24273910058299436,,,8,9.5
SLG,2022-12-31,0.001418636837029894,0.04105373345608779,0.1940214326887806,0.18510932426037432,,,,,0.24273910058299436,,,8,9.5
SLG,2021-12-31,0.0013289257473481195,0.04110260285563757,0.1939353285646911,0.18942297775819583,,,,,0.24273910058299436,,,8,9.5
SLG,2020-12-31,0.0016242916104146578,0.041989399124044084,0.1943575040612063,0.18879262740490527,,,,,0.24273910058299436,,,8,9.5
SNA,2023-12-31,0.007298283510125361,0.05095604787423699,0.19970589005921502,0.19394347350728608,,,,,0.22993908655982848,,,0,8.5
SNA,2022-12-31,0.0069319961427193825,0.050061998094822494,0.1990593722161086,0.19313245541032292,,,,,0.22929335180779586,,,0,8.5
SNA,2021-12-31,0.00656046287367406,0.04968788083593654,0.19847180736781428,0.19238834222679133,,,,,0.22872604637787244,,,0,8.5
SNA,2020-12-31,0.00554291224686596,0.04775981991283015,0.19703335429439817,0.19080954945252196,,,,,0.2272123604611644,,,0,8.5
SO,2023-12-31,0.038963162970106074,0.10076153882996557,0.2310564376670335,0.218134495194269,,,,,0.23523568011293822,,,10,10.0
SO,2022-12-31,0.04517492767598843,0.09634450718166772,0.22971361945186816,0.21453631631337605,,,,,0.24305246921649104,,,10,10.0
SO,2021-12-31,0.03566133076181292,0.09298649878398586,0.2171304302258555,0.20534097028442744,,,,,0.2292489085252673,,,10,10.0
SO,2020-12-31,0.03143683702989392,0.09112389507687231,0.224466802913588,0.21126450286385665,,,,,0.23254294005385479,,,10,10.0
LUV,2023-12-31,0.04025612343297975,0.06092842812212294,0.194361473562857,0.18948776945545925,,,,,0.22666074089566285,,,5,10.0
LUV,2022-12-31,0.03674291224686596,0.06374362058230314,0.19955588743908192,0.19009154550350024,,,,,0.2272097461504274,,,5,10.0
LUV,2021-12-31,0.024362584378013502,0.06035368183535647,0.20416732169994237,0.19366524697704018,,,,,0.2313665002222164,,,5,10.0
LUV,2020-12-31,0.013960270009643201,0.02839672394616543,0.16789812922496464,0.16061258791468805,,,,,0.19136754594651118,,,5,10.0
SWK,2023-12-31,0.024348852459016395,0.05938299921770644,0.19709885762196722,0.18316035965470537,,,,,0.21981124676479044,,,0,8.5
SWK,2022-12-31,0.026148351012536163,0.061253585512136194,0.1988818581983965,0.19436285308660106,,,,,0.21880735144179236,,,0,8.5
SWK,2021-12-31,0.023577704918032787,0.0655540713856175,0.20533393596394697,0.1994761834826455,,,,,0.22370918407361898,,,0,8.5
SWK,2020-12-31,0.02014688524590164,0.06189911073977297,0.2045334853010533,0.1957605130464581,,,,,0.2233928524744451,,,0,8.5
SBUX,2024-09-30,0.05581670202507232,0.0901239429723962,0.2263506786144736,0.21637946508705797,,,,,0.25383127238503567,,,0,8.5
SBUX,2023-09-30,0.05550719382835101,0.09085355145309698,0.2289400251532778,0.21934612685824315,,,,,0.25565867559018063,,,0,8.5
SBUX,2022-09-30,0.04975938283510126,0.08300347508634498,0.22191020803856837,0.21246879130562488,,,,,0.24706543619774646,,,0,8.5
SBUX,2021-09-30,0.0448379556412729,0.08310937741140659,0.22340040874076403,0.21995643021491162,,,,,0.25250581684138973,,,0,8.5
STT,2023-12-31,0.018430086788813888,0.09450627025417868,0.2208951686832046,0.20155513128049474,,,,,0.2319939347990902,,,3,11.0
STT,2022-12-31,0.01870781099324976,0.09450627025417868,0.2208951686832046,0.20832721398149506,,,,,0.2367258372330135,,,3,11.0
STT,2021-12-31,0.018556605593056896,0.09450627025417868,0.2208951686832046,0.2076663239829637,,,,,0.23476510418028285,,,3,11.0
STT,2020-12-31,0.01804281581485053,0.09450627025417868,0.2208951686832046,0.2054388799138395,,,,,0.23479124728765258,,,3,11.0
SRCL,2023-12-31,0.0041030665380906465,0.0438542060252569,0.1938158308442069,0.1855191658099574,,,,,0.22291181929884185,,,5,10.0
SRCL,2022-12-31,0.0041731147540983605,0.04391274499890904,0.19379879997903895,0.18615068291966513,,,,,0.2228543044626284,,,5,10.0
SRCL,2021-12-31,0.004083934426229508,0.04386804250993832,0.19335665251794792,0.18546694734093763,,,,,0.2229876343102141,,,5,10.0
SRCL,2020-12-31,0.004128061716489875,0.0440590924330394,0.19391277576900906,0.18522625283529967,,,,,0.2222660845468092,,,5,10.0
SYK,2023-12-31,0.03162661523625844,0.1079458674145464,0.2184797987737777,0.2115174360731711,,,,,0.2355493974013751,,,4,8.0
SYK,2022-12-31,0.028465188042430086,0.10006971459589481,0.2128203112718126,0.20493301349521056,,,,,0.23076520875271234,,,4,8.0
SYK,2021-12-31,0.026396142719382835,0.09682346242063977,0.21049494314311168,0.20196308806971164,,,,,0.22977177067266213,,,4,8.0
SYK,2020-12-31,0.022142333654773385,0.08665364617979979,0.20756694440077555,0.19874022943489825,,,,,0.23154950197380458,,,4,8.0
STI,2023-12-31,0.0,0.09450627025417868,0.19287120983990988,0.1855324194938072,,,,,0.2223099947190923,,,3,11.0
STI,2022-12-31,0.0,0.03845486965499258,0.19288827626028404,0.18569861706728022,,,,,0.22227758487359806,,,3,11.0
STI,2021-12-31,1.6040115718418515e-08,0.038454728262084306,0.19287137429256407,0.18566542060344968,,,,,0.2222686988575462,,,3,11.0
SYF,2023-12-31,0.02102526518804243,0.09450627025417868,0.2208951686832046,0.20395391720109005,,,,,0.23968000836579434,,,3,11.0
SYF,2022-12-31,0.018011957569913212,0.09450627025417868,0.2208951686832046,0.2103017248413048,,,,,0.2470000784293221,,,3,11.0
SYF,2021-12-31,0.01572536162005786,0.09450627025417868,0.2208951686832046,0.22013348346143174,,,,,0.25578416250555536,,,3,11.0
SYF,2020-12-31,0.01722198649951784,0.09450627025417868,0.2208951686832046,0.19699417437704997,,,,,0.2330396590938799,,,3,11.0
SNPS,2024-10-31,0.009454096046287367,0.06443622710993087,0.20177455719750564,0.20416099606729654,,,,,0.2248756372382421,,,6,9.0
SNPS,2023-10-31,0.00820522892960463,0.06126992852923489,0.20158210187077505,0.19572859450726976,,,,,0.22462649342500848,,,6,9.0
SNPS,2022-10-31,0.007121641658630665,0.0582393658632636,0.20049215925169,0.19372720745418642,,,,,0.22591265587827766,,,6,9.0
SNPS,2021-10-31,0.006486700867888139,0.05624220234262329,0.1979261318975004,0.1918744472185506,,,,,0.22355376330030585,,,6,9.0
SYY,2024-06-30,0.12164937319189971,0.1161945409746207,0.21386836451291727,0.20164488177412246,,,,,0.2382159943530888,,,1,9.0
SYY,2023-06-30,0.11776277724204436,0.11271945462963456,0.21280066027354191,0.20013544165401997,,,,,0.2357323991529633,,,1,9.0
SYY,2022-06-30,0.105899324975892,0.10401843445497555,0.2082612796730074,0.19678203684665718,,,,,0.23241222451700608,,,1,9.0
SYY,2021-06-30,0.07914807020250723,0.08824882789009574,0.20237376198710896,0.1899708637261141,,,,,0.2238508535724556,,,1,9.0
TROW,2023-12-31,0.009967984570877532,0.055516766094226455,0.20624377718388096,0.2002880174931871,,,,,0.2393819769417793,,,3,11.0
TROW,2022-12-31,0.01001103182256509,0.05743205487762693,0.209243829586543,0.19840488895416195,,,,,0.23530365219209953,,,3,11.0
TROW,2021-12-31,0.011837068466730955,0.06335353814878478,0.21719593355342454,0.210847571025277,,,,,0.24569553737157196,,,3,11.0
TROW,2020-12-31,0.009576393442622951,0.05756137279214939,0.21087944767594194,0.20505295279124033,,,,,0.2410629787456537,,,3,11.0
TPR,2024-06-30,0.01029307618129219,0.06447535775295489,0.2003622334014568,0.1923516261157618,,,,,0.22739013359127863,,,0,8.5
TPR,2023-06-30,0.01027718418514947,0.0635461845893491,0.2005738091495048,0.19333072240988233,,,,,0.22768293639381976,,,0,8.5
TPR,2022-06-30,0.010313596914175506,0.06320293333475246,0.20059608028087828,0.1926804392878706,,,,,0.22725418943295597,,,0,8.5
TPR,2021-06-30,0.008866036644165864,0.0601775327419123,0.1992349211339936,0.19250012238703673,,,,,0.2239183289325769,,,0,8.5
TGT,2024-01-31,0.16572729026036645,0.19638229142829774,0.2302769480689619,0.2194562751913317,,,,,0.25256856029907715,,,0,8.5
TGT,2023-01-31,0.1683625843780135,0.18156128764455134,0.21809987947387727,0.20837616879620108,,,,,0.23894800135944155,,,0,8.5
TGT,2022-01-31,0.16355641272902605,0.20365176761091805,0.2514934758685741,0.24236712847375202,,,,,0.2735353324096102,,,0,8.5
TGT,2021-01-31,0.14435641272902602,0.18418489800914273,0.23572682492270608,0.22133287642172939,,,,,0.2530652793391022,,,0,8.5
TEL,2024-09-30,0.02444744455159113,0.06749011489604011,0.21243384163915527,0.21174589187513257,,,,,0.2118898852317586,,,6,9.0
TEL,2023-09-30,0.024739054966248796,0.06535610322017572,0.21042943981554263,0.20127772066382726,,,,,0.23178478994013227,,,6,9.0
TEL,2022-09-30,0.025120154291224685,0.06636190922201704,0.2121652779961222,0.2055041530001142,,,,,0.23026848971268724,,,6,9.0
TEL,2021-09-30,0.023024879459980715,0.06446205344076122,0.21056699680343763,0.2041415773241298,,,,,0.22548430106402445,,,6,9.0
FTI,2023-12-31,0.01207205400192864,0.045235193630959666,0.1963606351202641,0.186152314746822,,,,,0.22631303756764526,,,2,12.0
FTI,2022-12-31,0.010338129218900675,0.04322464597225252,0.1942861447361526,0.18481911195966122,,,,,0.22502418237431698,,,2,12.0
FTI,2021-12-31,0.009880038572806171,0.04283935309112389,0.19355316250065505,0.1858022878216739,,,,,0.22517319808632452,,,2,12.0
FTI,2020-12-31,0.010076142719382834,0.04215231840944286,0.19220903421893834,0.15886979651115352,,,,,0.2227758751405192,,,2,12.0
TXN,2023-12-31,0.027030279652844744,0.0970948703893906,0.2409146884661741,0.23880974527178078,,,,,0.2460066403492719,,,6,9.0
TXN,2022-12-31,0.030901446480231437,0.11174025725218056,0.26099800869884193,0.257078050292913,,,,,0.2558103056129251,,,6,9.0
TXN,2021-12-31,0.02830318225650916,0.10431645104811371,0.252869045747524,0.249082097224262,,,,,0.25233327233274944,,,6,9.0
TXN,2020-12-31,0.02231205400192864,0.08778185185382287,0.23295603416653565,0.23134413602911177,,,,,0.2333010901675773,,,6,9.0
TXT,2023-12-31,0.021111668273866922,0.050577673235449074,0.19979169941833047,0.19320833537311727,,,,,0.2265823115735536,,,5,10.0
TXT,2022-12-31,0.019855737704918032,0.04946543273605841,0.19867814284965676,0.192718787226057,,,,,0.22629473739248646,,,5,10.0
TXT,2021-12-31,0.01910433944069431,0.049550580334097885,0.1985536865272756,0.19178048661085817,,,,,0.22556273038613367,,,5,10.0
TXT,2020-12-31,0.017976470588235295,0.04674070959879516,0.19624796939684536,0.18821494427310256,,,,,0.22156283495856316,,,5,10.0
BK,2023-12-31,0.02668158148505304,0.09450627025417868,0.2208951686832046,0.21250469150307597,,,,,0.24318318475333975,,,3,11.0
BK,2022-12-31,0.024739054966248796,0.09450627025417868,0.2208951686832046,0.20668722768884318,,,,,0.242346605317508,,,3,11.0
BK,2021-12-31,0.024120347155255545,0.09450627025417868,0.2208951686832046,0.21636396272906772,,,,,0.24519620402080988,,,3,11.0
BK,2020-12-31,0.023871938283510124,0.09450627025417868,0.2208951686832046,0.21520536544769175,,,,,0.24428119526286893,,,3,11.0
CLX,2024-06-30,0.01094387656702025,0.05467540139109888,0.1987501965099827,0.18797832933535677,,,,,0.22503986823873884,,,1,9.0
CLX,2023-06-30,0.011400578592092574,0.05393035990825346,0.19828512288424252,0.18690948254760853,,,,,0.22428171812501632,,,1,9.0
CLX,2022-06-30,0.010965477338476375,0.051998573777732836,0.1976038882775245,0.18946329204810625,,,,,0.22582416145983109,,,1,9.0
CLX,2021-06-30,0.011326518804243008,0.05547898184759644,0.20091835665251795,0.191486757722622,,,,,0.22700060129146948,,,1,9.0
COO,2024-10-31,0.006010260366441659,0.05226838522902043,0.19751676885185768,0.1888946002839379,,,,,0.22723588925779717,,,4,8.0
COO,2023-10-31,0.005543992285438766,0.05100287905315871,0.19638618141801603,0.18809418906349437,,,,,0.22537188570233455,,,4,8.0
COO,2022-10-31,0.00510457087753134,0.0498411465124076,0.196219147932715,0.18884156590133971,,,,,0.2246085069671381,,,4,8.0
COO,2021-10-31,0.004509161041465767,0.048863013479929114,0.19620735733375255,0.2097199784598815,,,,,0.1581344278580952,,,4,8.0
HSY,2023-12-31,0.017226602892960463,0.06505178570478264,0.20948814389771,0.200884344250257,,,,,0.23037507516143366,,,1,9.0
HSY,2022-12-31,0.01607605631629701,0.06239608001745525,0.20759517633495783,0.19911405655912923,,,,,0.22938626441138793,,,1,9.0
HSY,2021-12-31,0.013841985728061716,0.06000030866004289,0.20627043703820155,0.1977489923467306,,,,,0.2304882225301299,,,1,9.0
HSY,2020-12-31,0.0125743012536162,0.058151919280077055,0.2047525546297752,0.19612692351626113,,,,,0.2280093069462236,,,1,9.0
MOS,2023-12-31,0.021131880424300867,0.050218988978707774,0.20165919928732381,0.19519834859091723,,,,,0.2268960288619905,,,7,9.0
MOS,2022-12-31,0.029508505303760847,0.0690855680143048,0.22423950636692344,0.2149263230038674,,,,,0.2542757052103213,,,7,9.0
MOS,2021-12-31,0.019066383799421407,0.055485900089937146,0.21009930304459468,0.1989980581256833,,,,,0.23789443413244096,,,7,9.0
MOS,2020-12-31,0.0133951012536162,0.04412188878659351,0.19559883142063617,0.19112857166168956,,,,,0.20714491124415046,,,7,9.0
TRV,2023-12-31,0.06383490838958535,0.09450627025417868,0.2208951686832046,0.21009774644669635,,,,,0.23220307965804812,,,3,11.0
TRV,2022-12-31,0.05692729026036644,0.09450627025417868,0.2208951686832046,0.20888203521483004,,,,,0.23565396983085407,,,3,11.0
TRV,2021-12-31,0.05371803278688524,0.09450627025417868,0.2208951686832046,0.21557252655798695,,,,,0.2430786123238608,,,3,11.0
TRV,2020-12-31,0.04934387656702025,0.09450627025417868,0.2208951686832046,0.20769896052610104,,,,,0.23638597683720686,,,3,11.0
DIS,2024-09-30,0.1409620057859209,0.21227828363729254,0.2709348634910653,0.22626099443546938,,,,,0.26922171969360276,,,0,8.5
DIS,2023-09-30,0.13716181292189006,0.19649404765072456,0.2517947911753917,0.20490037695207322,,,,,0.25832004392042035,,,0,8.5
DIS,2022-09-30,0.1276327868852459,0.18917135421932957,0.23723995178955093,0.21135425335748437,,,,,0.2675485608219393,,,0,8.5
DIS,2021-09-30,0.10402005785920926,0.15706006630869196,0.21686186658282242,0.20197124720549597,,,,,0.22292227654178973,,,0,8.5
TMO,2023-12-31,0.06612459016393443,0.12945627936926918,0.24082953414033434,0.23460779034284687,,,,,0.22969334135055292,,,4,8.0
TMO,2022-12-31,0.06929990356798457,0.13941322661501046,0.24861787978829325,0.2423997650168894,,,,,0.24064730333847478,,,4,8.0
TMO,2021-12-31,0.060499132111861136,0.14296281710828113,0.2598713514646544,0.2487230952497511,,,,,0.25126140493059,,,4,8.0
TMO,2020-12-31,0.049709546769527484,0.12362366890356502,0.24459597547555417,0.2377082619408952,,,,,0.24449034012182685,,,4,8.0
TJX,2024-01-31,0.08365207328833173,0.12501796082146144,0.23086647801708327,0.2221977448148692,,,,,0.26130035816057096,,,0,8.5
TJX,2023-01-31,0.07704686595949856,0.11182540485022005,0.22472881622386418,0.21423442828935557,,,,,0.25201955504431256,,,0,8.5
TJX,2022-01-31,0.07490838958534234,0.11208616936921595,0.22404103128438926,0.21248021409572296,,,,,0.25141826357480845,,,0,8.5
TJX,2021-01-31,0.04958457087753134,0.07891585820796236,0.19670649268982865,0.1864280935363326,,,,,0.22224255575017646,,,0,8.5
TSCO,2023-12-31,0.02245823105110897,0.06627792708172572,0.20258156474348898,0.19472777859369134,,,,,0.2307698099396094,,,0,8.5
TSCO,2022-12-31,0.02191663182256509,0.06491548568722094,0.20229355316250067,0.1945767203537801,,,,,0.230519411257222,,,0,8.5
TSCO,2021-12-31,0.01964297782063645,0.06228096046490589,0.2014535057380915,0.19382935983420635,,,,,0.22966651852239156,,,0,8.5
TSCO,2020-12-31,0.016386271166827386,0.058472712855690785,0.1998762052612273,0.19180462133450824,,,,,0.22799898041881256,,,0,8.5
TDG,2024-09-30,0.012250723240115719,0.06331788259210575,0.216344390295027,0.19967853005009709,,,,,0.23534025254241717,,,5,10.0
TDG,2023-09-30,0.010160077145612343,0.058900850943807904,0.21210632500131008,0.1962843295638126,,,,,0.2331703746307286,,,5,10.0
TDG,2022-09-30,0.008376470588235294,0.05494680935984971,0.20740318608185296,0.1927595829049787,,,,,0.22909204988104884,,,5,10.0
TDG,2021-09-30,0.007402892960462874,0.05182827858165388,0.20397081171723525,0.19124198364909187,,,,,0.2231575645081174,,,5,10.0
TRIP,2023-12-31,0.0027587270973963357,0.047177091038747475,0.1938636482733323,0.1857753626735856,,,,,0.22527515620506652,,,0,8.5
TRIP,2022-12-31,0.0023020250723240114,0.045777477395973584,0.1935557826337578,0.18585695403142896,,,,,0.22349742490392405,,,0,8.5
TRIP,2021-12-31,0.0013917068466730955,0.042861172163121505,0.19203610543415606,0.18448621921966024,,,,,0.22130140388486574,,,0,8.5
TRIP,2020-12-31,0.0009319189971070395,0.041376410922308135,0.19102735418959282,0.18333578107406862,,,,,0.22017725026796683,,,0,8.5
FOXA,2024-06-30,0.021569913211186113,0.09450627025417868,0.20912592359691873,0.19794063412803314,,,,,0.23664740791090427,,,0,8.5
FOXA,2023-06-30,0.023009450337512054,0.09450627025417868,0.2109993187653933,0.19580294055253666,,,,,0.23489581971713155,,,0,8.5
FOXA,2022-06-30,0.02156065573770492,0.09450627025417868,0.20975475554158152,0.19552552993586916,,,,,0.23432067135499723,,,0,8.5
FOXA,2021-06-30,0.019917454194792673,0.09450627025417868,0.2110058690981502,0.20323591325206833,,,,,0.24101330684165118,,,0,8.5
FOX,2024-06-30,0.021569913211186113,0.09450627025417868,0.20912592359691873,0.19794063412803314,,,,,0.23664740791090427,,,0,8.5
FOX,2023-06-30,0.023009450337512054,0.09450627025417868,0.2109993187653933,0.19580294055253666,,,,,0.23489581971713155,,,0,8.5
FOX,2022-06-30,0.02156065573770492,0.09450627025417868,0.20975475554158152,0.19552552993586916,,,,,0.23432067135499723,,,0,8.5
FOX,2021-06-30,0.019917454194792673,0.09450627025417868,0.2110058690981502,0.20323591325206833,,,,,0.24101330684165118,,,0,8.5
TSN,2024-09-30,0.08225110896817743,0.05775668009515244,0.2021236178797883,0.1922210799432124,,,,,0.22932733784737652,,,1,9.0
TSN,2023-09-30,0.08159074252651881,0.052456242117195025,0.19542262746947545,0.18040665132749137,,,,,0.22151054874382367,,,1,9.0
TSN,2022-09-30,0.08220945033751205,0.07394004544753045,0.22178116648325735,0.21211305298542776,,,,,0.24579749549031396,,,1,9.0
TSN,2021-09-30,0.07259247830279653,0.0731843605149301,0.2216894618246607,0.21055465805061926,,,,,0.24791508718726304,,,1,9.0
USB,2023-12-31,0.04322160077145612,0.09450627025417868,0.2208951686832046,0.22998971948891173,,,,,0.25905205092677314,,,3,11.0
USB,2022-12-31,0.03731378977820637,0.09450627025417868,0.2208951686832046,0.23322073725950945,,,,,0.26051606493947865,,,3,11.0
USB,2021-12-31,0.035056509161041464,0.09450627025417868,0.2208951686832046,0.2506649695664235,,,,,0.2792868160309534,,,3,11.0
USB,2020-12-31,0.035835679845708776,0.09450627025417868,0.2208951686832046,0.22615492567027298,,,,,0.25013725131369113,,,3,11.0
UDR,2023-12-31,0.0025110912246865957,0.040543683378656686,0.19477383666090237,0.18931930777892003,,,,,0.22232375624166686,,,8,9.5
UDR,2022-12-31,0.002341193442622951,0.0402164558376661,0.19443387439081905,0.18640299603465998,,,,,0.22227782280201822,,,8,9.5
UDR,2021-12-31,0.001991540212150434,0.03966834478391136,0.19378284336844312,0.18691777222956543,,,,,0.22230631878905124,,,8,9.5
UDR,2020-12-31,0.0019150086788813885,0.039596916592605995,0.19375856128491328,0.18621812633605847,,,,,0.2223352330658022,,,8,9.5
ULTA,2024-01-31,0.01729188505303761,0.06176979282525052,0.2039415906828067,0.19622725640900113,,,,,0.2328474026822828,,,0,8.5
ULTA,2023-01-31,0.015750943105110896,0.0599785534487438,0.20369707986165697,0.1958307468872897,,,,,0.232755640375415,,,0,8.5
ULTA,2022-01-31,0.013316704339440695,0.056381301587470525,0.2014555428915789,0.19373734925996636,,,,,0.23037285299730725,,,0,8.5
ULTA,2021-01-31,0.00949192362584378,0.048827671905017855,0.19529255096158885,0.18712843295638124,,,,,0.22371310553972443,,,0,8.5
UAA,2024-03-31,0.00879749893924783,0.05245226678871155,0.19439914452654194,0.1875870335014115,,,,,0.22305314893728267,,,0,8.5
UAA,2023-03-31,0.009108065573770491,0.05252452516909781,0.1946207750353718,0.18874903314240954,,,,,0.21942838095736056,,,0,8.5
UAA,2021-12-31,0.008769089296046287,0.053682894379726356,0.1963449667243096,0.18863154974625085,,,,,0.22310716059710856,,,0,8.5
UAA,2020-12-31,0.006904018514946962,0.04995021526377129,0.1928166496358015,0.181212961603107,,,,,0.22355982850121564,,,0,8.5
UA,2024-03-31,0.00879749893924783,0.05245226678871155,0.19439914452654194,0.1875870335014115,,,,,0.22305314893728267,,,0,8.5
UA,2023-03-31,0.009108065573770491,0.05252452516909781,0.1946207750353718,0.18874903314240954,,,,,0.21942838095736056,,,0,8.5
UA,2021-12-31,0.008769089296046287,0.053682894379726356,0.1963449667243096,0.18863154974625085,,,,,0.22310716059710856,,,0,8.5
UA,2020-12-31,0.006904018514946962,0.04995021526377129,0.1928166496358015,0.181212961603107,,,,,0.22355982850121564,,,0,8.5
UNP,2023-12-31,0.03721350048216008,0.09448722519943165,0.25238432112351306,0.23774089848403254,,,,,0.2707380199210478,,,5,10.0
UNP,2022-12-31,0.03837994214079074,0.09808471121659952,0.257853848975528,0.2427914035345376,,,,,0.27648950354239105,,,5,10.0
UNP,2021-12-31,0.03364165863066538,0.09440739932626963,0.25406120630928053,0.23891581403697718,,,,,0.2733784737653917,,,5,10.0
UNP,2020-12-31,0.030137704918032786,0.0873028966148508,0.24420950584289683,0.2293369886261647,,,,,0.2649081069775953,,,5,10.0
UAL,2023-12-31,0.08288061716489875,0.11933968037720386,0.2266939160509354,0.20705438879913837,,,,,0.24237274842487777,,,5,10.0
UAL,2022-12-31,0.0693616200578592,0.0950779366608305,0.20911937326416183,0.19170705438879912,,,,,0.2288829050220909,,,5,10.0
UAL,2021-12-31,0.03800810028929605,0.04229174760123251,0.1904836765707698,0.16966922863530293,,,,,0.2067658361872892,,,5,10.0
UAL,2020-12-31,0.023691417550626807,0.011686507830918156,0.15726693916050935,0.12801684045625886,,,,,0.17643983163838853,,,5,10.0
UNH,2023-12-31,0.5670711668273867,0.5007477023452842,0.3780655557302311,0.3683033893050048,,,,,0.3782907636401662,,,4,8.0
UNH,2022-12-31,0.49702140790742527,0.45135145203263277,0.36585573547136196,0.3498555832966172,,,,,0.3713889832945544,,,4,8.0
UNH,2021-12-31,0.44015120540019287,0.3967558765146959,0.3346827018812556,0.32672443334801976,,,,,0.3419518443962249,,,4,8.0
UNH,2020-12-31,0.394428543876567,0.3870171199889308,0.32981580464287585,0.31136893980189617,,,,,0.35227837180727295,,,4,8.0
UPS,2023-12-31,0.14034021215043394,0.1301534253282174,0.2527707907561704,0.24042525415707966,,,,,0.27102559410211496,,,5,10.0
UPS,2022-12-31,0.15481272902603666,0.1502589019152888,0.27866425614421214,0.2799154713532742,,,,,0.3079396617081906,,,5,10.0
UPS,2021-12-31,0.1501053037608486,0.14637936447961514,0.2768039616412514,0.29086503157585547,,,,,0.3191289116624402,,,5,10.0
UPS,2020-12-31,0.1305735776277724,0.11979202699178856,0.24322695592936122,0.19665149067410778,,,,,0.23536639564978692,,,5,10.0
URI,2023-12-31,0.02211301832208293,0.06938997067729592,0.21814573180317562,0.20547151645697687,,,,,0.2428433243575331,,,5,10.0
URI,2022-12-31,0.0179625843780135,0.06504212145240515,0.2140648744956244,0.20286875214177313,,,,,0.24049044469425634,,,5,10.0
URI,2021-12-31,0.014990935390549662,0.058959389917460046,0.20784205837656552,0.1970023335128343,,,,,0.2342945282476275,,,5,10.0
URI,2020-12-31,0.013161041465766634,0.05539383424955696,0.20479615364460516,0.1929554021638028,,,,,0.22877833259261193,,,5,10.0
UHS,2023-12-31,0.022035835679845708,0.10630224204269087,0.20059333569145313,0.19155035818606092,,,,,0.22804943661603616,,,4,8.0
UHS,2022-12-31,0.020674052073288332,0.10191651810184718,0.19946781821516535,0.19120615688386283,,,,,0.22773987608167104,,,4,8.0
UHS,2021-12-31,0.019505677145612344,0.09813783799605127,0.20182291830424987,0.19378428876813367,,,,,0.23026015006143627,,,4,8.0
UHS,2020-12-31,0.0178343637415622,0.09311296957569887,0.20179186972698213,0.19339561201677516,,,,,0.23009314789155838,,,4,8.0
UNM,2023-12-31,0.018991243972999037,0.09450627025417868,0.2208951686832046,0.19616846983567499,,,,,0.23158348801338524,,,3,11.0
UNM,2022-12-31,0.01832208293153327,0.09450627025417868,0.2208951686832046,0.19717530719146226,,,,,0.23123055606389373,,,3,11.0
UNM,2021-12-31,0.01826453230472517,0.09450627025417868,0.2208951686832046,0.19369788352017753,,,,,0.22957831167812603,,,3,11.0
UNM,2020-12-31,0.020284513018322084,0.09450627025417868,0.2208951686832046,0.19216396599272204,,,,,0.22673917021777207,,,3,11.0
VFC,2024-03-31,0.016130633751205402,0.06739018354629102,0.1959958077870356,0.17778853151874152,,,,,0.24148903296645838,,,0,8.5
VFC,2023-03-31,0.017917029893924782,0.07089963226881096,0.19985525074673793,0.18666131427359212,,,,,0.22030020130192673,,,0,8.5
VFC,2022-03-31,0.018270919961427195,0.07280889685965014,0.2035856783524603,0.19701001125960738,,,,,0.23029413610101696,,,0,8.5
VFC,2021-03-31,0.014254703953712632,0.06436120675433321,0.19700775559398417,0.18902162986896426,,,,,0.2249239497006614,,,0,8.5
VLO,2023-12-31,0.2233612343297975,0.10704649591025442,0.27056804485667874,0.25777973597036596,,,,,0.2907374970589004,,,2,12.0
VLO,2022-12-31,0.27214349083895856,0.1275989973870331,0.29568857097940576,0.2797522886375875,,,,,0.31188727092102164,,,2,12.0
VLO,2021-12-31,0.17585650916104145,0.054856340036932766,0.20684640779751612,0.1932817675951763,,,,,0.2289351912368304,,,2,12.0
VLO,2020-12-31,0.10015351976856317,0.03426126476113438,0.182551223602159,0.17409963936619832,,,,,0.1986614729026692,,,2,12.0
VTR,2023-12-31,0.006939752362584378,0.048760735249509066,0.19561595399046272,0.18535946704525055,,,,,0.22201931975634623,,,8,9.5
VTR,2022-12-31,0.006370982449373192,0.048280151562724506,0.1960635513284075,0.18530664480018275,,,,,0.22182620062220593,,,8,9.5
VTR,2021-12-31,0.005906278881388621,0.04771197760618171,0.19565471230938533,0.18609363424226105,,,,,0.22239489163681994,,,8,9.5
VTR,2020-12-31,0.005855902796528448,0.04832977132548201,0.19676832783105383,0.18927684763629835,,,,,0.21974500013071552,,,8,9.5
VRSN,2023-12-31,0.002303722275795564,0.045350675060800705,0.1994484619818687,0.19236468073301674,,,,,0.2264228386185982,,,6,9.0
VRSN,2022-12-31,0.0021984956605593056,0.044969639559574046,0.1990718178483467,0.19119139700722898,,,,,0.22766463621866093,,,6,9.0
VRSN,2021-12-31,0.002048370298939248,0.04449866690791819,0.19857202745899494,0.19209706107929045,,,,,0.22220072677838487,,,6,9.0
VRSN,2020-12-31,0.0019518642237222757,0.04422819024102092,0.19829298983388358,0.19234255315676962,,,,,0.2205787038247366,,,6,9.0
VRSK,2023-12-31,0.004137164898746384,0.0480599651959193,0.2003072106062988,0.1907067443416393,,,,,0.2290345350448354,,,5,10.0
VRSK,2022-12-31,0.003852651880424301,0.04735483664965488,0.20210724204789604,0.1934800345947357,,,,,0.22802802541110034,,,5,10.0
VRSK,2021-12-31,0.003799421407907425,0.04701637494744797,0.19886417229995285,0.19113020348884643,,,,,0.2269587723196779,,,5,10.0
VRSK,2020-12-31,0.0035014850530376085,0.046318696816012,0.19915828224073784,0.1915087873892397,,,,,0.22657185433060573,,,5,10.0
VZ,2023-12-31,0.20671012536162006,0.4593340393488337,0.381006655138081,0.28045397431504054,,,,,0.3501607801103239,,,9,9.5
VZ,2022-12-31,0.21112439729990357,0.4519634503935415,0.39246318712990624,0.35912436154762484,,,,,0.392800188230373,,,9,9.5
VZ,2021-12-31,0.20615313404050145,0.4498879776913293,0.40543939632133313,0.36572510239715406,,,,,0.40009411518653104,,,9,9.5
VZ,2020-12-31,0.19794329797492768,0.44871187649340905,0.38153068175863336,0.330934547412738,,,,,0.3691668191681263,,,9,9.5
VRTX,2023-12-31,0.015227309546769527,0.08425886998493952,0.22110975737567468,0.21522657920073104,,,,,0.24214268908002404,,,4,8.0
VRTX,2022-12-31,0.013779286403085825,0.08023245294264778,0.22148902164229944,0.21279842039131214,,,,,0.24606938380695928,,,4,8.0
VRTX,2021-12-31,0.011686634522661523,0.07395175324226089,0.21839005921500812,0.20480328323623959,,,,,0.232420067449217,,,4,8.0
VRTX,2020-12-31,0.009574850530376084,0.06756142600939816,0.21168972383797097,0.2078188998221308,,,,,0.23286188596376564,,,4,8.0
V,2024-09-30,0.05543066538090646,0.19216748532534367,0.35047555415815124,0.3467795891059219,,,,,0.3313638859114794,,,6,9.0
V,2023-09-30,0.05038071359691418,0.1772772991181902,0.33652334538594564,0.3266265237186077,,,,,0.32067135499725496,,,6,9.0
V,2022-09-30,0.04522275795564127,0.16392509140062478,0.32181129801393915,0.3077299652420815,,,,,0.3053776371859559,,,6,9.0
V,2021-09-30,0.037191899710703955,0.14028598949491508,0.29643530891369285,0.28614089195672393,,,,,0.32035763770881803,,,6,9.0
VNO,2023-12-31,0.002794465573770492,0.043276293312188345,0.1948630980453807,0.18655451118617514,,,,,0.2230326527411048,,,8,9.5
VNO,2022-12-31,0.0027772343297974927,0.04338314822600301,0.1947797188597181,0.18286663892560498,,,,,0.2228349585631748,,,8,9.5
VNO,2021-12-31,0.0024520115718418517,0.04266903128642055,0.19449905020175026,0.18712977105464987,,,,,0.2219943008025934,,,8,9.5
VNO,2020-12-31,0.00235749431051109,0.04238692665066601,0.19383949064612482,0.18327046719211498,,,,,0.22322632088049985,,,8,9.5
VMC,2023-12-31,0.012006788813886211,0.0488241648883236,0.20192907299690824,0.19330787682968617,,,,,0.23009594520404694,,,7,9.0
VMC,2022-12-31,0.011286711668273866,0.046744434806209385,0.19950086464392391,0.190390169873207,,,,,0.2273143185799064,,,7,9.0
VMC,2021-12-31,0.00856655737704918,0.04576364091129217,0.1987587119425667,0.19116691959987597,,,,,0.22749993464223156,,,7,9.0
VMC,2020-12-31,0.007493616200578592,0.04527457439505292,0.19873513074464183,0.1904627861816876,,,,,0.226341794985752,,,7,9.0
WMT,2024-01-31,1.0,0.8791968452814927,0.3698317874548027,0.31225012646660466,,,,,0.36809495176596685,,,1,9.0
WMT,2023-01-31,0.9431652844744455,0.8237710806826708,0.32670439658334643,0.2809924772768068,,,,,0.3719118454419492,,,1,9.0
WMT,2022-01-31,0.8837091610414658,0.8034740220000106,0.3628229314049154,0.2972536348949919,,,,,0.34660531750803897,,,1,9.0
WMT,2021-01-31,0.8627209257473482,0.7773017790526265,0.34059110202798304,0.29592369576214483,,,,,0.4015581291992366,,,1,9.0
WBA,2024-08-31,0.22782333654773385,0.17960821461452087,0.18248572027458995,0.11523147468220164,,,,,0.25484301064024467,,,1,9.0
WBA,2023-08-31,0.21458977820636452,0.18252451984737295,0.1461706754703139,0.16056363309998203,,,,,0.1736948053645656,,,1,9.0
WBA,2022-08-31,0.20474908389585342,0.1888733376261914,0.19924802179950743,0.22107994321241492,,,,,0.22148440563645394,,,1,9.0
WBA,2021-08-31,0.20444975891996142,0.18781963610045288,0.21569590735209349,0.2064342944795287,,,,,0.23970615147316407,,,1,9.0
WM,2023-12-31,0.031515525554484086,0.08007067250637276,0.21793612115495467,0.20449242016285632,,,,,0.24174531384800396,,,5,10.0
WM,2022-12-31,0.03039228543876567,0.07785683495734638,0.21534873971597757,0.20395391720109005,,,,,0.23999372565423124,,,5,10.0
WM,2021-12-31,0.02766595949855352,0.07474894762890548,0.21226353298747577,0.20051076190009953,,,,,0.2361768319782489,,,5,10.0
WM,2020-12-31,0.023480038572806172,0.06973056106945383,0.20912592359691873,0.19789983844911146,,,,,0.23264751248333376,,,5,10.0
WAT,2023-12-31,0.004561490453230473,0.047827368566699835,0.19825024891264476,0.19093384572706057,,,,,0.22472638623826827,,,4,8.0
WAT,2022-12-31,0.0045854673095467695,0.04762823494350989,0.1986794005135461,0.19146844046278616,,,,,0.2256696818383833,,,4,8.0
WAT,2021-12-31,0.004298359112825458,0.04712568849815602,0.19831048577267726,0.19134677142997011,,,,,0.22523202007790644,,,4,8.0
WAT,2020-12-31,0.0036495506268081003,0.04568528383419634,0.19717558821988157,0.18994933992591503,,,,,0.22460440249928104,,,4,8.0
WEC,2023-12-31,0.013721118611378978,0.05761991176580153,0.20656408845569355,0.19656908340268597,,,,,0.2276175786253954,,,10,10.0
WEC,2022-12-31,0.01480794599807136,0.05601913692265937,0.20549834931614527,0.19719244137660938,,,,,0.23071030822723587,,,10,10.0
WEC,2021-12-31,0.01283085824493732,0.05441729773454172,0.20412736467012524,0.19631288653905776,,,,,0.2275051632637055,,,10,10.0
WEC,2020-12-31,0.011173307618129218,0.05383456886045905,0.2040697217418645,0.19549370930631027,,,,,0.2282267130271104,,,10,10.0
WFC,2023-12-31,0.12743992285438765,0.09450627025417868,0.2208951686832046,0.3418759484995349,,,,,0.2904237797704635,,,3,11.0
WFC,2022-12-31,0.11474329797492767,0.09450627025417868,0.2208951686832046,0.29728627143812925,,,,,0.28111683354683537,,,3,11.0
WFC,2021-12-31,0.12214619093539054,0.09450627025417868,0.2208951686832046,0.36608410437166494,,,,,0.3729575697367389,,,3,11.0
WFC,2020-12-31,0.11458283510125361,0.09450627025417868,0.2208951686832046,0.21324717285945072,,,,,0.19202112363075474,,,3,11.0
WDC,2024-06-30,0.020062487945998072,0.054127263728719746,0.19426976890426034,0.17918278095984072,,,,,0.22585030456720084,,,6,9.0
WDC,2023-06-30,0.01900559305689489,0.048496878808359366,0.18574123565477127,0.1719537866549175,,,,,0.22577187524509162,,,6,9.0
WDC,2022-06-30,0.028995949855351977,0.06971459589482143,0.20883770895561496,0.19830779523832834,,,,,0.23860814096363492,,,6,9.0
WDC,2021-06-30,0.026109161041465767,0.06251430213560819,0.20057773934915896,0.1923924217946835,,,,,0.22503986823873884,,,6,9.0
WU,2023-12-31,0.006722468659594986,0.04742348690057421,0.19824909605407956,0.19080139031673762,,,,,0.22540064312044128,,,6,9.0
WU,2022-12-31,0.006905303760848602,0.04829518543550335,0.1986905884818949,0.19312348036096014,,,,,0.2248307233797809,,,6,9.0
WU,2021-12-31,0.007823799421407908,0.05002634253814346,0.20025087774458944,0.19226840293076156,,,,,0.22565684557266474,,,6,9.0
WU,2020-12-31,0.007459980713596914,0.04914346838097164,0.1992303359010638,0.1917666160800248,,,,,0.2251653551541136,,,6,9.0
WY,2023-12-31,0.011840308582449372,0.04740592520847857,0.20027642404234136,0.19253928623880157,,,,,0.2248307233797809,,,8,9.5
WY,2022-12-31,0.015713018322082932,0.05771942802101017,0.21319368023895616,0.20103294659029713,,,,,0.23337951948968652,,,8,9.5
WY,2021-12-31,0.015739247830279652,0.06026321251243953,0.21632473929675627,0.20696463830551065,,,,,0.24080416198269325,,,8,9.5
WY,2020-12-31,0.011621215043394407,0.049550580334097885,0.20352538908976578,0.19219660253585938,,,,,0.22710517372094846,,,8,9.5
WHR,2023-12-31,0.030017357762777242,0.05532465182614989,0.2003419273699104,0.18961831562800865,,,,,0.22428171812501632,,,0,8.5
WHR,2022-12-31,0.030432401157184184,0.05480844451303556,0.20087250432321963,0.17330004405933322,,,,,0.22919662231052781,,,0,8.5
WHR,2021-12-31,0.03392092574734812,0.061918268949331855,0.20783550804380863,0.20024151041921637,,,,,0.23581082847507254,,,0,8.5
WHR,2020-12-31,0.030018900675024107,0.058900850943807904,0.2053594822616989,0.19446484228390526,,,,,0.2322553658727876,,,0,8.5
WMB,2023-12-31,0.01682854387656702,0.07464783485623361,0.22028769061468323,0.21163166397415184,,,,,0.24854252176413685,,,2,12.0
WMB,2022-12-31,0.016918032786885247,0.0677189490657712,0.21266310328564692,0.20241184053785022,,,,,0.23337951948968652,,,2,12.0
WMB,2021-12-31,0.01639652844744455,0.0637489423071806,0.21012812450872506,0.19807118030058254,,,,,0.23562782672348434,,,2,12.0
WMB,2020-12-31,0.011909739633558342,0.061790547552272646,0.20973510454331082,0.1874153489662375,,,,,0.2243340043397558,,,2,12.0
WYNN,2023-12-31,0.01007814387656702,0.053479790749777815,0.1999358460409789,0.19164989148349404,,,,,0.2092799142506078,,,0,8.5
WYNN,2022-12-31,0.005796451301832208,0.04572746914730002,0.1919190509877902,0.18223547265873596,,,,,0.2225126663355206,,,0,8.5
WYNN,2021-12-31,0.005807003278688524,0.04486790414509151,0.19068701200020963,0.17952721071784075,,,,,0.22228109069043944,,,0,8.5
WYNN,2020-12-31,0.0032337296046287367,0.04033144766881842,0.185308363464864,0.16882683866124898,,,,,0.23703095343912575,,,0,8.5
XEL,2023-12-31,0.02191861137897782,0.07027337700695549,0.20984646020017816,0.2001436007898043,,,,,0.21845180518156387,,,10,10.0
XEL,2022-12-31,0.02362198649951784,0.06964009174653689,0.20879840695907353,0.1998580310373525,,,,,0.21873937936263102,,,10,10.0
XEL,2021-12-31,0.0207228543876567,0.06643641337030158,0.2073245820887701,0.19872391116332955,,,,,0.22043868134166425,,,10,10.0
XEL,2020-12-31,0.017783606557377048,0.0648718262563262,0.20675470313891947,0.19771217832607169,,,,,0.22211184021332775,,,10,10.0
XRX,2023-12-31,0.010624493731918996,0.05076925533103789,0.19520646648849763,0.18570193045152655,,,,,0.22151054874382367,,,6,9.0
XRX,2022-12-31,0.010965477338476375,0.05079054223054776,0.19428286956977414,0.18306652959318548,,,,,0.22219026953543697,,,6,9.0
XRX,2021-12-31,0.010859016393442623,0.05124288884513248,0.19499030550751978,0.18198136453386857,,,,,0.22182426603226058,,,6,9.0
XRX,2020-12-31,0.010834329797492768,0.05242963349280769,0.1956256877849395,0.18726032538633505,,,,,0.2239418577292097,,,6,9.0
XYL,2023-12-31,0.011362005785920925,0.05291391045665721,0.19766284127233663,0.1906626850084039,,,,,0.22294841964915948,,,5,10.0
XYL,2022-12-31,0.008519961427193828,0.04954525860922042,0.19624141906408846,0.18859026451918212,,,,,0.22449086298397425,,,5,10.0
XYL,2021-12-31,0.00801542912246866,0.04896519059757648,0.1967719960173977,0.18917772229565444,,,,,0.22446471987660452,,,5,10.0
XYL,2020-12-31,0.007523240115718419,0.04819354049034373,0.1961693654037625,0.187766191804964,,,,,0.2230791351860082,,,5,10.0
YUM,2023-12-31,0.01091764705882353,0.057059534136204224,0.20797961536446052,0.19872391116332955,,,,,0.22804632558625917,,,0,8.5
YUM,2022-12-31,0.010556605593056895,0.05605372813436291,0.20708877010952156,0.1965046262299897,,,,,0.23107892604114924,,,0,8.5
YUM,2021-12-31,0.010158534233365477,0.05530336492664002,0.20668919981135042,0.19854441017607413,,,,,0.22485686648715064,,,0,8.5
YUM,2020-12-31,0.008720540019286403,0.05275425871033319,0.20352538908976578,0.19306963006478353,,,,,0.22530129931243625,,,0,8.5
ZBH,2023-12-31,0.011408601735776278,0.06671527175388087,0.20240069695540533,0.19404872635890405,,,,,0.2233719379885493,,,4,8.0
ZBH,2022-12-31,0.010707656702025073,0.06463979905166863,0.2007028507048158,0.18758179533623798,,,,,0.2252045698151682,,,4,8.0
ZBH,2021-12-31,0.010533924783027965,0.06435508677072413,0.19947990357910184,0.18897048024673224,,,,,0.2236673551018274,,,4,8.0
ZBH,2020-12-31,0.009454194792671167,0.061355230457295816,0.19751021851910078,0.1845604673552977,,,,,0.21975896055005095,,,4,8.0
ZION,2023-12-31,0.004806171648987464,0.09450627025417868,0.2208951686832046,0.19124198364909187,,,,,0.22765417897571302,,,3,11.0
ZION,2022-12-31,0.0048632594021215045,0.09450627025417868,0.2208951686832046,0.19309410747213654,,,,,0.22867376016313296,,,3,11.0
ZION,2021-12-31,0.004491417550626808,0.09450627025417868,0.2208951686832046,0.1949054356162595,,,,,0.23055606389375438,,,3,11.0
ZION,2020-12-31,0.004304725168756027,0.09450627025417868,0.2208951686832046,0.19009154550350024,,,,,0.22574573213772187,,,3,11.0
ZTS,2023-12-31,0.013182642237222758,0.07029466390646535,0.21299717025624904,0.20481878559422984,,,,,0.2378499908499124,,,4,8.0
ZTS,2022-12-31,0.012466730954676953,0.06839480812520954,0.21207357333752555,0.20294218436383216,,,,,0.23651669237405556,,,4,8.0
ZTS,2021-12-31,0.011997685631629701,0.06758058421895705,0.21125478174291254,0.20231393090843816,,,,,0.23413766960340904,,,4,8.0
ZTS,2020-12-31,0.010298939247830279,0.06303050944872252,0.20775690405072578,0.1990584357304874,,,,,0.2316802175106533,,,4,8.0
